<!DOCTYPE html>
<html lang="en">

<head>
    <meta charset="UTF-8">
    <meta http-equiv="X-UA-Compatible" content="IE=edge">
    <meta name="viewport" content="width=device-width, initial-scale=1.0">
    <title>Amazon Product Page</title>
    <style>
        body {
            background-color: black;
            color: white;
        }

        .datetime {
            text-align: center;
            color: gray;
        }

        .date, .time {
            font-size: 48px;
        }

        .container {
            display: flex;
            flex-wrap: wrap;
            justify-content: center;
            align-items: center;
            min-height: calc(100vh - 7cm);
        }

        .product {
            width: calc(100% / 4);
            margin-bottom: 20px;
            text-align: center;
            border: 1px solid red;
            border-radius: 10px;
            overflow: hidden;
            padding: 10px;
            display: flex;
            flex-direction: column;
            background-color: black;
            color: white;
        }

        .product .content {
            height: 200px;
            overflow: hidden;
        }

        .product img {
            width: 100%;
            height: auto;
            display: block;
        }

        .product .description {
            margin-top: 10px;
        }

        .product .more-link {
            margin-top: 5px;
            cursor: pointer;
            color: blue;
        }
        .pagination {
            text-align: center;
            margin: 20px 0;
        }

        .pagination a {
            color: white;
            padding: 8px 16px;
            text-decoration: none;
            background-color: gray;
            margin: 0 4px;
            border-radius: 4px;
        }

        .pagination a:hover {
            background-color: #575757;
        }
        @media (min-width: 768px) and (max-width: 991px) {
            .product {
                width: calc(100% / 3);
            }
        }

        @media (max-width: 767px) {
            .product {
                width: 100%;
            }
        }

        /* Style pour le bouton flottant */
        .floating-button {
            position: fixed;
            bottom: 20px;
            right: 20px;
            background-color: red;
            color: white;
            border: none;
            border-radius: 50%;
            width: 60px;
            height: 60px;
            text-align: center;
            font-size: 18px;
            cursor: pointer;
            z-index: 1000;
            box-shadow: 0 4px 8px rgba(0, 0, 0, 0.2);
        }
    </style>
</head>

<body>
    <div class="datetime">
        <div class="date" id="comment"></div>
        <div class="date" id="date"></div>
        <div class="time" id="time"></div>
    </div>

    <div class="container">
      div class="product"><a href="https://www.amazon.com/dp/B071K355ZQ?tag=eloabder-20&linkCode=osi&th=1&psc=1"><img src="https://m.media-amazon.com/images/I/51UiYOPTELL._SL500_.jpg" alt="Product Image"></a><p>SIT. STAY. FOREVER. SAFETY FIRST PET PRODUCTS Organic Sunscreen & Moisturizer for dogs and cats, 2 oz, All Natural, Waterproof, Red Raspberry Seed, Carrot Seed and Hemp Oils, Made in MAINE</p><p>$15.99 ($8.00 / Ounce)</p><a href="https://www.amazon.com/dp/B071K355ZQ?tag=eloabder-20&linkCode=osi&th=1&psc=1">View Product</a></div><div class="product"><a href="https://www.amazon.com/dp/B008F4OOM8?tag=eloabder-20&linkCode=osi&th=1&psc=1"><img src="https://m.media-amazon.com/images/I/31F67SFV7BL._SL500_.jpg" alt="Product Image"></a><p>Petkin Dog Sunscreen Sunstick – Sunscreen for Dogs and Puppies, SPF 15 – Simply Rub on Anytime for Instant Sun Protection – Vanilla Coconut Scent, .5 oz Net Weight – Ideal for Home or Travel</p><p>$11.97</p><a href="https://www.amazon.com/dp/B008F4OOM8?tag=eloabder-20&linkCode=osi&th=1&psc=1">View Product</a></div><div class="product"><a href="https://www.amazon.com/dp/B079VHFBGB?tag=eloabder-20&linkCode=osi&th=1&psc=1"><img src="https://m.media-amazon.com/images/I/51j8zibHIzL._SL500_.jpg" alt="Product Image"></a><p>Handy Hound SnoutScreen - All-Natural Organic Vet-Recommended Dog Nose balm and Paw Balm with Natural Sunscreen - Made in the USA Protect Your Dog from Harmful UVB/UVC Rays - 2 oz</p><p>$20.99 ($20.99 / Count)</p><a href="https://www.amazon.com/dp/B079VHFBGB?tag=eloabder-20&linkCode=osi&th=1&psc=1">View Product</a></div>
<div class="product"><a href="https://www.amazon.com/dp/B0D3QFMQM2?tag=eloabder-20&linkCode=osi&th=1&psc=1"><img src="https://m.media-amazon.com/images/I/41Xp-SBgePL._SL500_.jpg" alt="Product Image"></a><p>All-in-One Dog Supplement for Wellness and Longevity, 63 Ingredients for Joints, Cognition, Mood, Skin, Gut and Organ Health, Small Breeds, Vet-Formulated, Made in USA, Senior Formula for 8+ Years</p><p>$59.99 ($6.18 / Ounce)</p><a href="https://www.amazon.com/dp/B0D3QFMQM2?tag=eloabder-20&linkCode=osi&th=1&psc=1">View Product</a></div><div class="product"><a href="https://www.amazon.com/dp/B0083H586S?tag=eloabder-20&linkCode=osi&th=1&psc=1"><img src="https://m.media-amazon.com/images/I/41TpGg6ZSIL._SL500_.jpg" alt="Product Image"></a><p>NaturVet – Senior Wellness Hip & Joint Advanced Plus Omegas | Help Support Your Pet’s Healthy Hip & Joint Function | Supports Joints, Cartilage & Connective Tissues | 120 Soft Chews</p><p>$16.99 ($0.14 / Count)</p><a href="https://www.amazon.com/dp/B0083H586S?tag=eloabder-20&linkCode=osi&th=1&psc=1">View Product</a></div><div class="product"><a href="https://www.amazon.com/dp/B07FWPPGWT?tag=eloabder-20&linkCode=osi&th=1&psc=1"><img src="https://m.media-amazon.com/images/I/41+inDo9CwL._SL500_.jpg" alt="Product Image"></a><p>Critical Immune Defense for Dogs & Cats; Supports Normal Cell Growth - Turkey Tail, Reishi, Shiitake and Maitake Mushroom Formula with Patented White Turmeric Root Extract - 30-day Supply</p><p>$65.00 ($10.25 / Ounce)</p><a href="https://www.amazon.com/dp/B07FWPPGWT?tag=eloabder-20&linkCode=osi&th=1&psc=1">View Product</a></div><div class="product"><a href="https://www.amazon.com/dp/B07498ZT6K?tag=eloabder-20&linkCode=osi&th=1&psc=1"><img src="https://m.media-amazon.com/images/I/310kUj+IP1L._SL500_.jpg" alt="Product Image"></a><p>Hemp Well Hemp Thrive Oil for Dogs and Cats – 16 Ounces of Organic Hemp Oil Supplement for Dog and Cat Health, Calming, Joint Support, ImmuneHealth, and Itchy Skin Relief</p><p>$25.90 ($1.62 / Fl Oz)</p><a href="https://www.amazon.com/dp/B07498ZT6K?tag=eloabder-20&linkCode=osi&th=1&psc=1">View Product</a></div><div class="product"><a href="https://www.amazon.com/dp/B09RX31T8Z?tag=eloabder-20&linkCode=osi&th=1&psc=1"><img src="https://m.media-amazon.com/images/I/41Huq-Gip0L._SL500_.jpg" alt="Product Image"></a><p>Turkey Tail Pet Support - Dog Multivitamins and Supplements for Immune Support, Gut Health & Wellness - Grain-Free, Gluten-Free, Vet-Approved Dog Supplement (90ct)</p><p>$23.95 ($0.27 / Count)</p><a href="https://www.amazon.com/dp/B09RX31T8Z?tag=eloabder-20&linkCode=osi&th=1&psc=1">View Product</a></div><div class="product"><a href="https://www.amazon.com/dp/B09FR3KFYP?tag=eloabder-20&linkCode=osi&th=1&psc=1"><img src="https://m.media-amazon.com/images/I/51v0CdmWq5L._SL500_.jpg" alt="Product Image"></a><p>Well Loved Glucosamine for Dogs - Joint Supplement for Dogs, Made in USA, Vet Developed, Dog Joint Supplement, Glucosamine Chondroitin for Dogs, Advanced Hip and Joint Chews with MSM, Pain Relief, 120</p><p>$23.99 ($0.20 / Count)</p><a href="https://www.amazon.com/dp/B09FR3KFYP?tag=eloabder-20&linkCode=osi&th=1&psc=1">View Product</a></div><div class="product"><a href="https://www.amazon.com/dp/B09H3RBXKS?tag=eloabder-20&linkCode=osi&th=1&psc=1"><img src="https://m.media-amazon.com/images/I/51Zm0SMzn3L._SL500_.jpg" alt="Product Image"></a><p>Well Loved Probiotics for Dogs, Dog Probiotics and Digestive Enzymes, Made in USA, Vet Developed, Dog Probiotic Chews with Prebiotics, Diarrhea Treatment, for Itchy Skin, Gut Health & Gas Relief</p><p>$27.99 ($0.23 / Count)</p><a href="https://www.amazon.com/dp/B09H3RBXKS?tag=eloabder-20&linkCode=osi&th=1&psc=1">View Product</a></div>
<div class="product"><a href="https://www.amazon.com/dp/B09GJJLDWR?tag=eloabder-20&linkCode=osi&th=1&psc=1"><img src="https://m.media-amazon.com/images/I/51dYorxBpSL._SL500_.jpg" alt="Product Image"></a><p>Purina Beggin' Strips Dog Treats, Original With Bacon Flavor - (Pack of 2) 26 oz. Pouches</p><p>$21.19 ($6.52 / lb)</p><a href="https://www.amazon.com/dp/B09GJJLDWR?tag=eloabder-20&linkCode=osi&th=1&psc=1">View Product</a></div>


<div class="product"><a href="https://www.amazon.com/dp/B0009YWKUA?tag=eloabder-20&linkCode=osi&th=1&psc=1"><img src="https://m.media-amazon.com/images/I/41DzZ0HgS7L._SL500_.jpg" alt="Product Image"></a><p>Blue Buffalo Life Protection Formula Adult Dry Dog Food, Helps Build and Maintain Strong Muscles, Made with Natural Ingredients, Chicken & Brown Rice Recipe, 30-lb. Bag</p><p>$64.98 ($2.17 / lb)</p><a href="https://www.amazon.com/dp/B0009YWKUA?tag=eloabder-20&linkCode=osi&th=1&psc=1">View Product</a></div><div class="product"><a href="https://www.amazon.com/dp/B009IOCCD2?tag=eloabder-20&linkCode=osi&th=1&psc=1"><img src="https://m.media-amazon.com/images/I/41kN4rGGnEL._SL500_.jpg" alt="Product Image"></a><p>Purina ONE Dry Dog Food Lamb and Rice Formula - 31.1 lb. Bag</p><p>$48.98 ($1.57 / lb)</p><a href="https://www.amazon.com/dp/B009IOCCD2?tag=eloabder-20&linkCode=osi&th=1&psc=1">View Product</a></div><div class="product"><a href="https://www.amazon.com/dp/B00BD741WM?tag=eloabder-20&linkCode=osi&th=1&psc=1"><img src="https://m.media-amazon.com/images/I/51DjFJxGuzL._SL500_.jpg" alt="Product Image"></a><p>IAMS Adult Minichunks Small Kibble High Protein Dry Dog Food with Real Chicken, 30 lb. Bag,(Packaging may vary)</p><p>$46.98 ($1.57 / lb)</p><a href="https://www.amazon.com/dp/B00BD741WM?tag=eloabder-20&linkCode=osi&th=1&psc=1">View Product</a></div><div class="product"><a href="https://www.amazon.com/dp/B07KZCGXPS?tag=eloabder-20&linkCode=osi&th=1&psc=1"><img src="https://m.media-amazon.com/images/I/41f7ma8WlmL._SL500_.jpg" alt="Product Image"></a><p>Purina ONE True Instinct Tender Cuts in Gravy With Real Turkey and Venison, and With Real Chicken and Duck High Protein Wet Dog Food Variety Pack - (Pack of 12) 13 oz. Cans</p><p>$28.09 ($2.88 / lb)</p><a href="https://www.amazon.com/dp/B07KZCGXPS?tag=eloabder-20&linkCode=osi&th=1&psc=1">View Product</a></div><div class="product"><a href="https://www.amazon.com/dp/B00M0FHCN6?tag=eloabder-20&linkCode=osi&th=1&psc=1"><img src="https://m.media-amazon.com/images/I/51wLSFGMhDL._SL500_.jpg" alt="Product Image"></a><p>CESAR Adult Wet Dog Food Classic Loaf in Sauce Poultry Variety Pack,. Easy Peel Trays with Real Chicken, Turkey or Duck, 3.5 Ounce (Pack of 24)</p><p>$24.98 ($4.76 / lb)</p><a href="https://www.amazon.com/dp/B00M0FHCN6?tag=eloabder-20&linkCode=osi&th=1&psc=1">View Product</a></div>
<div class="product"><a href="https://www.amazon.com/dp/B08P2D95G8?tag=eloabder-20&linkCode=osi&th=1&psc=1"><img src="https://m.media-amazon.com/images/I/51-0PjesnPL._SL500_.jpg" alt="Product Image"></a><p>Pur Luv Dog Treats, Chicken Jerky for Dogs, Made with 100% Real Chicken Breast, 16 Ounces, Healthy, Easily Digestible, Long-Lasting, High Protein Dog Treat, Satisfies Dog's Urge to Chew</p><p>$11.54 ($0.72 / oz)</p><a href="https://www.amazon.com/dp/B08P2D95G8?tag=eloabder-20&linkCode=osi&th=1&psc=1">View Product</a></div><div class="product"><a href="https://www.amazon.com/dp/B01KZECQRK?tag=eloabder-20&linkCode=osi&th=1&psc=1"><img src="https://m.media-amazon.com/images/I/41mCSdSOW6L._SL500_.jpg" alt="Product Image"></a><p>Pet 'n Shape Chik 'n Hide Twists – Chicken Wrapped Rawhide Natural Dog Treats, Small, 16 oz</p><p>$15.99</p><a href="https://www.amazon.com/dp/B01KZECQRK?tag=eloabder-20&linkCode=osi&th=1&psc=1">View Product</a></div><div class="product"><a href="https://www.amazon.com/dp/B003PMQMK2?tag=eloabder-20&linkCode=osi&th=1&psc=1"><img src="https://m.media-amazon.com/images/I/51rKBA3bcNL._SL500_.jpg" alt="Product Image"></a><p>Milk-Bone MaroSnacks Dog Treats, Beef, 40 Ounce with Real Bone Marrow and Calcium</p><p>$11.48 ($4.59 / lb)</p><a href="https://www.amazon.com/dp/B003PMQMK2?tag=eloabder-20&linkCode=osi&th=1&psc=1">View Product</a></div><div class="product"><a href="https://www.amazon.com/dp/B07BVLGZW6?tag=eloabder-20&linkCode=osi&th=1&psc=1"><img src="https://m.media-amazon.com/images/I/51oBIB2I7HL._SL500_.jpg" alt="Product Image"></a><p>Good'N'Fun P-94130 Triple Flavor Wings Dog Chews, One Size</p><p>$11.65 ($0.97 / oz)</p><a href="https://www.amazon.com/dp/B07BVLGZW6?tag=eloabder-20&linkCode=osi&th=1&psc=1">View Product</a></div><div class="product"><a href="https://www.amazon.com/dp/B003P9XG68?tag=eloabder-20&linkCode=osi&th=1&psc=1"><img src="https://m.media-amazon.com/images/I/41ytS3hkBnL._SL500_.jpg" alt="Product Image"></a><p>Blue Buffalo Health Bars Natural Crunchy Dog Treats Biscuits, Pumpkin & Cinnamon 16-oz Bag</p><p>$4.98 ($0.31 / oz)</p><a href="https://www.amazon.com/dp/B003P9XG68?tag=eloabder-20&linkCode=osi&th=1&psc=1">View Product</a></div><div class="product"><a href="https://www.amazon.com/dp/B0BWBTWXN3?tag=eloabder-20&linkCode=osi&th=1&psc=1"><img src="https://m.media-amazon.com/images/I/31+dzCcvlGL._SL500_.jpg" alt="Product Image"></a><p>Vital Essentials Freeze Dried Raw Single Ingredient Dog Treats, Chicken Hearts, 1.9 oz</p><p>$9.49 ($4.99 / oz)</p><a href="https://www.amazon.com/dp/B0BWBTWXN3?tag=eloabder-20&linkCode=osi&th=1&psc=1">View Product</a></div><div class="product"><a href="https://www.amazon.com/dp/B01C47NRJC?tag=eloabder-20&linkCode=osi&th=1&psc=1"><img src="https://m.media-amazon.com/images/I/51fs1tTjYCL._SL500_.jpg" alt="Product Image"></a><p>Purina Beggin' With Real Meat Dog Treats, Fun Size Original With Bacon Flavor - 25 oz. Pouch</p><p>$11.48 ($7.35 / lb)</p><a href="https://www.amazon.com/dp/B01C47NRJC?tag=eloabder-20&linkCode=osi&th=1&psc=1">View Product</a></div><div class="product"><a href="https://www.amazon.com/dp/B07BVL8TQF?tag=eloabder-20&linkCode=osi&th=1&psc=1"><img src="https://m.media-amazon.com/images/I/41V12A43ClL._SL500_.jpg" alt="Product Image"></a><p>Good'N'Fun Triple Flavored Rawhide Kabobs for Dogs, 1.5 Pound (Pack of 1)</p><p>$17.98 ($11.99 / lb)</p><a href="https://www.amazon.com/dp/B07BVL8TQF?tag=eloabder-20&linkCode=osi&th=1&psc=1">View Product</a></div>
<div class="product"><a href="https://www.amazon.com/dp/B00G5M75UK?tag=eloabder-20&linkCode=osi&th=1&psc=1"><img src="https://m.media-amazon.com/images/I/51eJ6OzgqGL._SL500_.jpg" alt="Product Image"></a><p>Best Pet Supplies 2-in-1 Stuffless Squeaky Dog Toys with Soft, Durable Fabric for Small, Medium, and Large Pets, No Stuffing for Indoor Play, Supports Active Biting and Play - 1Wild Duck, Small</p><p>$4.99</p><a href="https://www.amazon.com/dp/B00G5M75UK?tag=eloabder-20&linkCode=osi&th=1&psc=1">View Product</a></div><div class="product"><a href="https://www.amazon.com/dp/B0BGBHXSWH?tag=eloabder-20&linkCode=osi&th=1&psc=1"><img src="https://m.media-amazon.com/images/I/510SJqCt8qL._SL500_.jpg" alt="Product Image"></a><p>Cowjag Cat Toys, Laser Pointer with 5 Adjustable Patterns, USB Recharge Laser, Long Range and 3 Modes Training Chaser Interactive Toy, Dog Laser Toy</p><p>$9.99</p><a href="https://www.amazon.com/dp/B0BGBHXSWH?tag=eloabder-20&linkCode=osi&th=1&psc=1">View Product</a></div><div class="product"><a href="https://www.amazon.com/dp/B00CPDWT2M?tag=eloabder-20&linkCode=osi&th=1&psc=1"><img src="https://m.media-amazon.com/images/I/318fAcfhAdL._SL500_.jpg" alt="Product Image"></a><p>Benebone Wishbone Durable Dog Chew Toy for Aggressive Chewers, Real Bacon, Made in USA, Medium</p><p>$9.74</p><a href="https://www.amazon.com/dp/B00CPDWT2M?tag=eloabder-20&linkCode=osi&th=1&psc=1">View Product</a></div>



<div class="product"><a href="https://www.amazon.com/dp/B00BUFYFKK?tag=eloabder-20&linkCode=osi&th=1&psc=1"><img src="https://m.media-amazon.com/images/I/51kfe3GnT3L._SL500_.jpg" alt="Product Image"></a><p>Hartz UltraGuard Purple Flea & Tick Collar for Cats and Kittens - 7 Month Protection</p><p>$3.58</p><a href="https://www.amazon.com/dp/B00BUFYFKK?tag=eloabder-20&linkCode=osi&th=1&psc=1">View Product</a></div>

<div class="product"><a href="https://www.amazon.com/dp/B00MW8G3YU?tag=eloabder-20&linkCode=osi&th=1&psc=1"><img src="https://m.media-amazon.com/images/I/31KsVrUeevL._SL500_.jpg" alt="Product Image"></a><p>Amazon Basics Dog and Puppy Pee Pads with 5-Layer Leak-Proof Design and Quick-Dry Surface for Potty Training, Standard Absorbency, Regular Size, 22 x 22 Inch - Pack of 50, Blue & White</p><p>$11.85 ($0.24 / Count)</p><a href="https://www.amazon.com/dp/B00MW8G3YU?tag=eloabder-20&linkCode=osi&th=1&psc=1">View Product</a></div><div class="product"><a href="https://www.amazon.com/dp/B0CXM4NGZG?tag=eloabder-20&linkCode=osi&th=1&psc=1"><img src="https://m.media-amazon.com/images/I/41bxvVfBFkL._SL500_.jpg" alt="Product Image"></a><p>Dog Ear Cleaner Finger Wipes，Premium Ear Finger Wipes for Dogs Cats 50 Pcs Reduce Earwax Buildup Sooths Deodorizes Relieve Ear Itching Inflammation, Fresh Coconut Scent, Natural Ingredients (100 Pcs)</p><p>$12.34</p><a href="https://www.amazon.com/dp/B0CXM4NGZG?tag=eloabder-20&linkCode=osi&th=1&psc=1">View Product</a></div>













<div class="product"><a href="https://www.amazon.com/dp/B00PQ5UH0C?tag=eloabder-20&linkCode=osi&th=1&psc=1"><img src="https://m.media-amazon.com/images/I/51mFFpJO-aL._SL500_.jpg" alt="Product Image"></a><p>Wobble Wag Giggle Ball, Interactive Dog Toy, Fun Giggle Sounds When Rolled or Shaken, Pets Know Best, As Seen On TV</p><p>$14.99</p><a href="https://www.amazon.com/dp/B00PQ5UH0C?tag=eloabder-20&linkCode=osi&th=1&psc=1">View Product</a></div><div class="product"><a href="https://www.amazon.com/dp/B0054C9B1I?tag=eloabder-20&linkCode=osi&th=1&psc=1"><img src="https://m.media-amazon.com/images/I/51ubAM+J5DL._SL500_.jpg" alt="Product Image"></a><p>Hyper Pet Doggie Tail Interactive Plush Dog Toys (Wiggles, Vibrates, and Barks, Stimulating Play)</p><p>$16.77</p><a href="https://www.amazon.com/dp/B0054C9B1I?tag=eloabder-20&linkCode=osi&th=1&psc=1">View Product</a></div>






<div class="product"><a href="https://www.amazon.com/dp/B00JZHRYFI?tag=eloabder-20&linkCode=osi&th=1&psc=1"><img src="https://m.media-amazon.com/images/I/41xHqz3QFML._SL500_.jpg" alt="Product Image"></a><p>PetSafe Happy Ride Metal Dog Barrier - Adjusts to Fit Your Vehicle - Keeps Pets Off Passenger Seats - Sturdy Construction</p><p>$55.21</p><a href="https://www.amazon.com/dp/B00JZHRYFI?tag=eloabder-20&linkCode=osi&th=1&psc=1">View Product</a></div>

<div class="product"><a href="https://www.amazon.com/dp/B0CVXNKVWC?tag=eloabder-20&linkCode=osi&th=1&psc=1"><img src="https://m.media-amazon.com/images/I/41dsqiNkA+L._SL500_.jpg" alt="Product Image"></a><p>Jazzy Fuzzy Pet Heating Pad, 6 Adjustable Temperature Dog Cat Heating Pad with Timer, Waterproof Heating Pad Indoor for Dogs with Chew Resistant Cord (S:18" x 16")</p><p>$29.66</p><a href="https://www.amazon.com/dp/B0CVXNKVWC?tag=eloabder-20&linkCode=osi&th=1&psc=1">View Product</a></div>
<div class="product"><a href="https://www.amazon.com/dp/B0BPQRR1PN?tag=eloabder-20&linkCode=osi&th=1&psc=1"><img src="https://m.media-amazon.com/images/I/41Ppxz4+IFL._SL500_.jpg" alt="Product Image"></a><p>Newday Dog Toothbrush Set of 8 - Dual Headed, Dental Hygiene Convenient Soft Toothbrush to Clean pet Teeth, Dog Tooth Brushes for Small to Large Dogs, Cats, and Most Pets, Teeth Brush in Bulk</p><p>$6.99 ($0.87 / Count)</p><a href="https://www.amazon.com/dp/B0BPQRR1PN?tag=eloabder-20&linkCode=osi&th=1&psc=1">View Product</a></div><div class="product"><a href="https://www.amazon.com/dp/B0BRMQHYTW?tag=eloabder-20&linkCode=osi&th=1&psc=1"><img src="https://m.media-amazon.com/images/I/41hDIKxNIUL._SL500_.jpg" alt="Product Image"></a><p>HICC PET Teeth Cleaning Wipes for Dogs & Cats, Remove Bad Breath by Removing Plaque and Tartar Buildup No-Rinse Dog Finger Toothbrush, Disposable Gentle Cleaning & Gum Care Pet Wipes, 50 Counts</p><p>$15.99</p><a href="https://www.amazon.com/dp/B0BRMQHYTW?tag=eloabder-20&linkCode=osi&th=1&psc=1">View Product</a></div><div class="product"><a href="https://www.amazon.com/dp/B098PF4NPQ?tag=eloabder-20&linkCode=osi&th=1&psc=1"><img src="https://m.media-amazon.com/images/I/51J4B-P+q5L._SL500_.jpg" alt="Product Image"></a><p>Jasper Dog Toothbrush, 360º Dog Tooth Brushing Kit, Cat Toothbrush, Dog Teeth Cleaning, Dog Finger Toothbrush, Dog Tooth Brush for Small & Large Pets, Dog Toothpaste Not Included - Blue 2-Pack</p><p>$13.99 ($7.00 / Count)</p><a href="https://www.amazon.com/dp/B098PF4NPQ?tag=eloabder-20&linkCode=osi&th=1&psc=1">View Product</a></div><div class="product"><a href="https://www.amazon.com/dp/B08B7238H5?tag=eloabder-20&linkCode=osi&th=1&psc=1"><img src="https://m.media-amazon.com/images/I/41TrsZlWCuL._SL500_.jpg" alt="Product Image"></a><p>Pet Toothbrush for Dogs, Cats with Soft Bristles - Easy Teeth Cleaning & Dental Care, Non Slip Dual Head Dog Toothbrush</p><p>$6.79</p><a href="https://www.amazon.com/dp/B08B7238H5?tag=eloabder-20&linkCode=osi&th=1&psc=1">View Product</a></div><div class="product"><a href="https://www.amazon.com/dp/B0C3M7TD8R?tag=eloabder-20&linkCode=osi&th=1&psc=1"><img src="https://m.media-amazon.com/images/I/51COSpzGOjL._SL500_.jpg" alt="Product Image"></a><p>VIWIK 4Pack Dog Toothbrush Dog Tooth Brushing Kit, Cat Finger Toothbrush for Dogs Small Breed, Medium Large Dogs, Puppy Toothbrush for Dog Teeth Cleaning & Dental Care, Pet Finger Toothbrush Kit</p><p>$6.49 ($1.62 / Count)</p><a href="https://www.amazon.com/dp/B0C3M7TD8R?tag=eloabder-20&linkCode=osi&th=1&psc=1">View Product</a></div><div class="product"><a href="https://www.amazon.com/dp/B00B5RFJB2?tag=eloabder-20&linkCode=osi&th=1&psc=1"><img src="https://m.media-amazon.com/images/I/414Mxf1TTTL._SL500_.jpg" alt="Product Image"></a><p>Arm & Hammer for Pets Tartar Control Kit for Dogs | Contains Toothpaste, Toothbrush & Fingerbrush | Reduces Plaque & Tartar Buildup | Safe for Puppies, 3-Piece , Beef Flavor</p><p>$7.89 ($3.16 / Ounce)</p><a href="https://www.amazon.com/dp/B00B5RFJB2?tag=eloabder-20&linkCode=osi&th=1&psc=1">View Product</a></div><div class="product"><a href="https://www.amazon.com/dp/B0BRXMC97P?tag=eloabder-20&linkCode=osi&th=1&psc=1"><img src="https://m.media-amazon.com/images/I/31EQPPcpx-L._SL500_.jpg" alt="Product Image"></a><p>JAYU PET Dental Care Brush (Soft Bristles) - Toothbrush for Cat and Small Dog with Horizontal Head & Easy Grip Handle (1)</p><p>$9.99</p><a href="https://www.amazon.com/dp/B0BRXMC97P?tag=eloabder-20&linkCode=osi&th=1&psc=1">View Product</a></div><div class="product"><a href="https://www.amazon.com/dp/B09SXPVN5D?tag=eloabder-20&linkCode=osi&th=1&psc=1"><img src="https://m.media-amazon.com/images/I/41VfEMZtHxL._SL500_.jpg" alt="Product Image"></a><p>EASYA Double Headed Pet Dog Toothbrush for Small Dogs/Soft Bristles Puppy Long Handle Tooth Brush Dogs Teeth Cleaning/Bulk Toothbrushes Dental & Oral Care… (MIXED10)</p><p>$4.99 ($4.99 / Count)</p><a href="https://www.amazon.com/dp/B09SXPVN5D?tag=eloabder-20&linkCode=osi&th=1&psc=1">View Product</a></div><div class="product"><a href="https://www.amazon.com/dp/B06XKJNFXX?tag=eloabder-20&linkCode=osi&th=1&psc=1"><img src="https://m.media-amazon.com/images/I/51tetoX-VcL._SL500_.jpg" alt="Product Image"></a><p>Vet's Best Dog Toothbrush & Enzymatic Toothpaste Kit - Teeth Cleaning - Made with Natural Ingredients - Reduces Plaque, Whitens Teeth, Freshens Breath - Bonus Care Guide & Finger Brush Included</p><p>$9.26</p><a href="https://www.amazon.com/dp/B06XKJNFXX?tag=eloabder-20&linkCode=osi&th=1&psc=1">View Product</a></div>
<div class="product"><a href="https://www.amazon.com/dp/B00RZDXA7K?tag=eloabder-20&linkCode=osi&th=1&psc=1"><img src="https://m.media-amazon.com/images/I/41gpC5xESnL._SL500_.jpg" alt="Product Image"></a><p>Virbac CET Enzymatic Toothpaste| Eliminates Bad Breath by Removing Plaque & Tartar Buildup | Best Pet Dental Care Toothpaste | Poultry Flavor, 2.5 oz tube</p><p>$11.52 ($4.61 / Ounce)</p><a href="https://www.amazon.com/dp/B00RZDXA7K?tag=eloabder-20&linkCode=osi&th=1&psc=1">View Product</a></div><div class="product"><a href="https://www.amazon.com/dp/B08QJPJNGY?tag=eloabder-20&linkCode=osi&th=1&psc=1"><img src="https://m.media-amazon.com/images/I/41AHDzkNc5L._SL500_.jpg" alt="Product Image"></a><p>Arm & Hammer Complete Care Enzymatic Dog Toothpaste, 6.2 oz - Dog Toothpaste for Puppies and Adult Dogs, Arm and Hammer Toothpaste for Dogs - Pet Toothpaste, Dog Dental Care and Clean Dog Teeth</p><p>$5.82 ($0.94 / Ounce)</p><a href="https://www.amazon.com/dp/B08QJPJNGY?tag=eloabder-20&linkCode=osi&th=1&psc=1">View Product</a></div><div class="product"><a href="https://www.amazon.com/dp/B0778GHYXP?tag=eloabder-20&linkCode=osi&th=1&psc=1"><img src="https://m.media-amazon.com/images/I/41fl3mRiRtL._SL500_.jpg" alt="Product Image"></a><p>Petsmile Professional Pet Toothpaste - Cat & Dog Teeth Cleaning Supplies - Controls Plaque, Tartar, & Bad Breath - VOHC Accepted Toothpaste - Pet Dental Care Essentials (London Broil, 2.5 Oz)</p><p>$14.99</p><a href="https://www.amazon.com/dp/B0778GHYXP?tag=eloabder-20&linkCode=osi&th=1&psc=1">View Product</a></div><div class="product"><a href="https://www.amazon.com/dp/B0002AQMZU?tag=eloabder-20&linkCode=osi&th=1&psc=1"><img src="https://m.media-amazon.com/images/I/31bv4h2hNOL._SL500_.jpg" alt="Product Image"></a><p>Vet’s Best Enzymatic Dog Toothpaste | Teeth Cleaning and Fresh Breath Dental Care Gel | Vet Formulated | 3.5 Ounces | Grape flavor</p><p>$11.48</p><a href="https://www.amazon.com/dp/B0002AQMZU?tag=eloabder-20&linkCode=osi&th=1&psc=1">View Product</a></div><div class="product"><a href="https://www.amazon.com/dp/B00025K0R6?tag=eloabder-20&linkCode=osi&th=1&psc=1"><img src="https://m.media-amazon.com/images/I/41RMHNoofoL._SL500_.jpg" alt="Product Image"></a><p>Petrodex Toothpaste for Dogs and Puppies, Cleans Teeth and Fights Bad Breath, Reduces Plaque and Tartar Formation, Enzymatic Toothpaste, Poultry Flavor, 6.2oz</p><p>$10.03 ($1.62 / Ounce)</p><a href="https://www.amazon.com/dp/B00025K0R6?tag=eloabder-20&linkCode=osi&th=1&psc=1">View Product</a></div><div class="product"><a href="https://www.amazon.com/dp/B08QJFZCDK?tag=eloabder-20&linkCode=osi&th=1&psc=1"><img src="https://m.media-amazon.com/images/I/41bOWd5qb3L._SL500_.jpg" alt="Product Image"></a><p>Arm & Hammer Complete Care Enzymatic Dog Toothpaste Value Size | 6.2 oz Peanut Butter Flavor Enzymatic Dog Toothpaste for Puppies | Great Tasting Dog Toothpaste with Arm & Hammer Baking Soda</p><p>$6.63 ($1.07 / Ounce)</p><a href="https://www.amazon.com/dp/B08QJFZCDK?tag=eloabder-20&linkCode=osi&th=1&psc=1">View Product</a></div><div class="product"><a href="https://www.amazon.com/dp/B098953TJN?tag=eloabder-20&linkCode=osi&th=1&psc=1"><img src="https://m.media-amazon.com/images/I/31EsN5mPA9S._SL500_.jpg" alt="Product Image"></a><p>Petsmile Professional Pet Tooth Brushing Kit - Cat & Dog Toothbrush & Toothpaste - Control Plaque, Tartar & Bad Breath - VOHC Accepted Toothpaste - Teeth Cleaning Supplies (London Broil, 2.5 Oz)</p><p>$25.00 ($10.00 / Ounce)</p><a href="https://www.amazon.com/dp/B098953TJN?tag=eloabder-20&linkCode=osi&th=1&psc=1">View Product</a></div><div class="product"><a href="https://www.amazon.com/dp/B01KD8725Y?tag=eloabder-20&linkCode=osi&th=1&psc=1"><img src="https://m.media-amazon.com/images/I/411faxe3KUL._SL500_.jpg" alt="Product Image"></a><p>Arm & Hammer for Pets Clinical Care Dental Enzymatic Toothpaste for Dogs | Soothes Inflamed Gums | Safe for Puppies 1 Pack Fresh Breath Vanilla Ginger</p><p>$5.99 ($2.40 / Ounce)</p><a href="https://www.amazon.com/dp/B01KD8725Y?tag=eloabder-20&linkCode=osi&th=1&psc=1">View Product</a></div><div class="product"><a href="https://www.amazon.com/dp/B08QJNMHLZ?tag=eloabder-20&linkCode=osi&th=1&psc=1"><img src="https://m.media-amazon.com/images/I/41HvsSGBm5L._SL500_.jpg" alt="Product Image"></a><p>Arm & Hammer Complete Care Dog Dental Kit | 2.5 oz Chicken Flavor Enzymatic Dog Toothpaste, Toothbrush, & Finger Brush | Baking Soda Enhanced Formula for Fresh Breath and Tartar Control</p><p>$5.82 ($2.33 / Ounce)</p><a href="https://www.amazon.com/dp/B08QJNMHLZ?tag=eloabder-20&linkCode=osi&th=1&psc=1">View Product</a></div><div class="product"><a href="https://www.amazon.com/dp/B0CPQ26CG8?tag=eloabder-20&linkCode=osi&th=1&psc=1"><img src="https://m.media-amazon.com/images/I/31gKo9WixRL._SL500_.jpg" alt="Product Image"></a><p>Remineralizing Dog Toothpaste – Vet-Grade, with Nano-Hydroxyapatite, Reverses Early-Stage Decay, Cleans Teeth, Removes Tartar, Freshens Breath by Arterra Pet Science, Plant-Based, Natural Flavor, 4oz</p><p>$19.99 ($5.00 / Ounce)</p><a href="https://www.amazon.com/dp/B0CPQ26CG8?tag=eloabder-20&linkCode=osi&th=1&psc=1">View Product</a></div>


<div class="product"><a href="https://www.amazon.com/dp/B0C58GKQR3?tag=eloabder-20&linkCode=osi&th=1&psc=1"><img src="https://m.media-amazon.com/images/I/41ntA-bHrVL._SL500_.jpg" alt="Product Image"></a><p>MySimplePetLab Dog First Aid Kit | First Aid Dog Travel Accessories | Dog Medical Kit | Dog Essentials Mini First Aid for Wounds, Cuts, or Minor Injuries</p><p>$39.99 ($39.99 / Count)</p><a href="https://www.amazon.com/dp/B0C58GKQR3?tag=eloabder-20&linkCode=osi&th=1&psc=1">View Product</a></div>
<div class="product"><a href="https://www.amazon.com/dp/B0CSPNSVXK?tag=eloabder-20&linkCode=osi&th=1&psc=1"><img src="https://m.media-amazon.com/images/I/41HxJh914vL._SL500_.jpg" alt="Product Image"></a><p>Advanced Health Monitoring Pee Pads for Dogs – Color-Changing, Leak-Proof, and Odor-Control | As Seen on Shark Tank | Genius</p><p>$24.99</p><a href="https://www.amazon.com/dp/B0CSPNSVXK?tag=eloabder-20&linkCode=osi&th=1&psc=1">View Product</a></div>








<div class="product"><a href="https://www.amazon.com/dp/B002AI39QW?tag=eloabder-20&linkCode=osi&th=1&psc=1"><img src="https://m.media-amazon.com/images/I/41vafEl3pTL._SL500_.jpg" alt="Product Image"></a><p>Epi-Pet K-9 Care Sunscreen, Paws to Tail Protection, Prevents Sunburns on Dogs and Horses, Sun Protector Spray, SPF 30+, Non-Greasy/Oily Solution – 3.5 oz</p><p>$17.95</p><a href="https://www.amazon.com/dp/B002AI39QW?tag=eloabder-20&linkCode=osi&th=1&psc=1">View Product</a></div><div class="product"><a href="https://www.amazon.com/dp/B08DDJYJJC?tag=eloabder-20&linkCode=osi&th=1&psc=1"><img src="https://m.media-amazon.com/images/I/41AGRXwbz9L._SL500_.jpg" alt="Product Image"></a><p>Bodhi Dog Sunscreen | Large 8oz SPF 30+ Moisturizing Pet Sunscreen | Safe for All Breeds of Dogs, Cats and Horses | Natural Skin Protection and Conditioner for Skin, Coat, Nose, and Ears | USA Made</p><p>$13.99 ($1.75 / Fl Oz)</p><a href="https://www.amazon.com/dp/B08DDJYJJC?tag=eloabder-20&linkCode=osi&th=1&psc=1">View Product</a></div><div class="product"><a href="https://www.amazon.com/dp/B07SB22JNX?tag=eloabder-20&linkCode=osi&th=1&psc=1"><img src="https://m.media-amazon.com/images/I/41LcLbaDSXL._SL500_.jpg" alt="Product Image"></a><p>EBPP Dog Sunscreen Sun Skin Protector Spray 8 oz - Safe for All Breeds with No Zinc Oxide - Pet Protection and Moisturizer for Skin, Coat, Nose, Ears</p><p>$18.95 ($2.37 / Fl Oz)</p><a href="https://www.amazon.com/dp/B07SB22JNX?tag=eloabder-20&linkCode=osi&th=1&psc=1">View Product</a></div><div class="product"><a href="https://www.amazon.com/dp/B08Z1WPGJX?tag=eloabder-20&linkCode=osi&th=1&psc=1"><img src="https://m.media-amazon.com/images/I/41IgTyrpxBL._SL500_.jpg" alt="Product Image"></a><p>Bodhi Dog Sunscreen | Extra Large 16.5 Ounce SPF 30+ Moisturizing Pet Safe for All Breeds of Dogs, Cats and Horses | Skin Protection and Conditioner for Skin, Coat, Nose, and Ears | USA Made</p><p>$16.99</p><a href="https://www.amazon.com/dp/B08Z1WPGJX?tag=eloabder-20&linkCode=osi&th=1&psc=1">View Product</a></div><div class="product"><a href="https://www.amazon.com/dp/B0CSTCW6WL?tag=eloabder-20&linkCode=osi&th=1&psc=1"><img src="https://m.media-amazon.com/images/I/41UbNRTz7zL._SL500_.jpg" alt="Product Image"></a><p>Pet Sunscreen Balm, 60ml, SPF 15, Moisturizing, Eco-Friendly Tin, Non-Toxic Formula for Dogs and Cats</p><p>$14.99 ($0.25 / Gram)</p><a href="https://www.amazon.com/dp/B0CSTCW6WL?tag=eloabder-20&linkCode=osi&th=1&psc=1">View Product</a></div><div class="product"><a href="https://www.amazon.com/dp/B071K355ZQ?tag=eloabder-20&linkCode=osi&th=1&psc=1"><img src="https://m.media-amazon.com/images/I/51UiYOPTELL._SL500_.jpg" alt="Product Image"></a><p>SIT. STAY. FOREVER. SAFETY FIRST PET PRODUCTS Organic Sunscreen & Moisturizer for dogs and cats, 2 oz, All Natural, Waterproof, Red Raspberry Seed, Carrot Seed and Hemp Oils, Made in MAINE</p><p>$15.99 ($8.00 / Ounce)</p><a href="https://www.amazon.com/dp/B071K355ZQ?tag=eloabder-20&linkCode=osi&th=1&psc=1">View Product</a></div><div class="product"><a href="https://www.amazon.com/dp/B008F4OOM8?tag=eloabder-20&linkCode=osi&th=1&psc=1"><img src="https://m.media-amazon.com/images/I/31F67SFV7BL._SL500_.jpg" alt="Product Image"></a><p>Petkin Dog Sunscreen Sunstick – Sunscreen for Dogs and Puppies, SPF 15 – Simply Rub on Anytime for Instant Sun Protection – Vanilla Coconut Scent, .5 oz Net Weight – Ideal for Home or Travel</p><p>$11.97</p><a href="https://www.amazon.com/dp/B008F4OOM8?tag=eloabder-20&linkCode=osi&th=1&psc=1">View Product</a></div><div class="product"><a href="https://www.amazon.com/dp/B079VHFBGB?tag=eloabder-20&linkCode=osi&th=1&psc=1"><img src="https://m.media-amazon.com/images/I/51j8zibHIzL._SL500_.jpg" alt="Product Image"></a><p>Handy Hound SnoutScreen - All-Natural Organic Vet-Recommended Dog Nose balm and Paw Balm with Natural Sunscreen - Made in the USA Protect Your Dog from Harmful UVB/UVC Rays - 2 oz</p><p>$20.99 ($20.99 / Count)</p><a href="https://www.amazon.com/dp/B079VHFBGB?tag=eloabder-20&linkCode=osi&th=1&psc=1">View Product</a></div>
<div class="product"><a href="https://www.amazon.com/dp/B0D3QFMQM2?tag=eloabder-20&linkCode=osi&th=1&psc=1"><img src="https://m.media-amazon.com/images/I/41Xp-SBgePL._SL500_.jpg" alt="Product Image"></a><p>All-in-One Dog Supplement for Wellness and Longevity, 63 Ingredients for Joints, Cognition, Mood, Skin, Gut and Organ Health, Small Breeds, Vet-Formulated, Made in USA, Senior Formula for 8+ Years</p><p>$59.99 ($6.18 / Ounce)</p><a href="https://www.amazon.com/dp/B0D3QFMQM2?tag=eloabder-20&linkCode=osi&th=1&psc=1">View Product</a></div><div class="product"><a href="https://www.amazon.com/dp/B0083H586S?tag=eloabder-20&linkCode=osi&th=1&psc=1"><img src="https://m.media-amazon.com/images/I/41TpGg6ZSIL._SL500_.jpg" alt="Product Image"></a><p>NaturVet – Senior Wellness Hip & Joint Advanced Plus Omegas | Help Support Your Pet’s Healthy Hip & Joint Function | Supports Joints, Cartilage & Connective Tissues | 120 Soft Chews</p><p>$16.99 ($0.14 / Count)</p><a href="https://www.amazon.com/dp/B0083H586S?tag=eloabder-20&linkCode=osi&th=1&psc=1">View Product</a></div><div class="product"><a href="https://www.amazon.com/dp/B07FWPPGWT?tag=eloabder-20&linkCode=osi&th=1&psc=1"><img src="https://m.media-amazon.com/images/I/41+inDo9CwL._SL500_.jpg" alt="Product Image"></a><p>Critical Immune Defense for Dogs & Cats; Supports Normal Cell Growth - Turkey Tail, Reishi, Shiitake and Maitake Mushroom Formula with Patented White Turmeric Root Extract - 30-day Supply</p><p>$65.00 ($10.25 / Ounce)</p><a href="https://www.amazon.com/dp/B07FWPPGWT?tag=eloabder-20&linkCode=osi&th=1&psc=1">View Product</a></div><div class="product"><a href="https://www.amazon.com/dp/B07498ZT6K?tag=eloabder-20&linkCode=osi&th=1&psc=1"><img src="https://m.media-amazon.com/images/I/310kUj+IP1L._SL500_.jpg" alt="Product Image"></a><p>Hemp Well Hemp Thrive Oil for Dogs and Cats – 16 Ounces of Organic Hemp Oil Supplement for Dog and Cat Health, Calming, Joint Support, ImmuneHealth, and Itchy Skin Relief</p><p>$25.90 ($1.62 / Fl Oz)</p><a href="https://www.amazon.com/dp/B07498ZT6K?tag=eloabder-20&linkCode=osi&th=1&psc=1">View Product</a></div><div class="product"><a href="https://www.amazon.com/dp/B09RX31T8Z?tag=eloabder-20&linkCode=osi&th=1&psc=1"><img src="https://m.media-amazon.com/images/I/41Huq-Gip0L._SL500_.jpg" alt="Product Image"></a><p>Turkey Tail Pet Support - Dog Multivitamins and Supplements for Immune Support, Gut Health & Wellness - Grain-Free, Gluten-Free, Vet-Approved Dog Supplement (90ct)</p><p>$23.95 ($0.27 / Count)</p><a href="https://www.amazon.com/dp/B09RX31T8Z?tag=eloabder-20&linkCode=osi&th=1&psc=1">View Product</a></div><div class="product"><a href="https://www.amazon.com/dp/B09FR3KFYP?tag=eloabder-20&linkCode=osi&th=1&psc=1"><img src="https://m.media-amazon.com/images/I/51v0CdmWq5L._SL500_.jpg" alt="Product Image"></a><p>Well Loved Glucosamine for Dogs - Joint Supplement for Dogs, Made in USA, Vet Developed, Dog Joint Supplement, Glucosamine Chondroitin for Dogs, Advanced Hip and Joint Chews with MSM, Pain Relief, 120</p><p>$23.99 ($0.20 / Count)</p><a href="https://www.amazon.com/dp/B09FR3KFYP?tag=eloabder-20&linkCode=osi&th=1&psc=1">View Product</a></div><div class="product"><a href="https://www.amazon.com/dp/B09H3RBXKS?tag=eloabder-20&linkCode=osi&th=1&psc=1"><img src="https://m.media-amazon.com/images/I/51Zm0SMzn3L._SL500_.jpg" alt="Product Image"></a><p>Well Loved Probiotics for Dogs, Dog Probiotics and Digestive Enzymes, Made in USA, Vet Developed, Dog Probiotic Chews with Prebiotics, Diarrhea Treatment, for Itchy Skin, Gut Health & Gas Relief</p><p>$27.99 ($0.23 / Count)</p><a href="https://www.amazon.com/dp/B09H3RBXKS?tag=eloabder-20&linkCode=osi&th=1&psc=1">View Product</a></div>
<div class="product"><a href="https://www.amazon.com/dp/B09GJJLDWR?tag=eloabder-20&linkCode=osi&th=1&psc=1"><img src="https://m.media-amazon.com/images/I/51dYorxBpSL._SL500_.jpg" alt="Product Image"></a><p>Purina Beggin' Strips Dog Treats, Original With Bacon Flavor - (Pack of 2) 26 oz. Pouches</p><p>$21.19 ($6.52 / lb)</p><a href="https://www.amazon.com/dp/B09GJJLDWR?tag=eloabder-20&linkCode=osi&th=1&psc=1">View Product</a></div>


<div class="product"><a href="https://www.amazon.com/dp/B0009YWKUA?tag=eloabder-20&linkCode=osi&th=1&psc=1"><img src="https://m.media-amazon.com/images/I/41DzZ0HgS7L._SL500_.jpg" alt="Product Image"></a><p>Blue Buffalo Life Protection Formula Adult Dry Dog Food, Helps Build and Maintain Strong Muscles, Made with Natural Ingredients, Chicken & Brown Rice Recipe, 30-lb. Bag</p><p>$64.98 ($2.17 / lb)</p><a href="https://www.amazon.com/dp/B0009YWKUA?tag=eloabder-20&linkCode=osi&th=1&psc=1">View Product</a></div><div class="product"><a href="https://www.amazon.com/dp/B009IOCCD2?tag=eloabder-20&linkCode=osi&th=1&psc=1"><img src="https://m.media-amazon.com/images/I/41kN4rGGnEL._SL500_.jpg" alt="Product Image"></a><p>Purina ONE Dry Dog Food Lamb and Rice Formula - 31.1 lb. Bag</p><p>$48.98 ($1.57 / lb)</p><a href="https://www.amazon.com/dp/B009IOCCD2?tag=eloabder-20&linkCode=osi&th=1&psc=1">View Product</a></div><div class="product"><a href="https://www.amazon.com/dp/B00BD741WM?tag=eloabder-20&linkCode=osi&th=1&psc=1"><img src="https://m.media-amazon.com/images/I/51DjFJxGuzL._SL500_.jpg" alt="Product Image"></a><p>IAMS Adult Minichunks Small Kibble High Protein Dry Dog Food with Real Chicken, 30 lb. Bag,(Packaging may vary)</p><p>$46.98 ($1.57 / lb)</p><a href="https://www.amazon.com/dp/B00BD741WM?tag=eloabder-20&linkCode=osi&th=1&psc=1">View Product</a></div><div class="product"><a href="https://www.amazon.com/dp/B07KZCGXPS?tag=eloabder-20&linkCode=osi&th=1&psc=1"><img src="https://m.media-amazon.com/images/I/41f7ma8WlmL._SL500_.jpg" alt="Product Image"></a><p>Purina ONE True Instinct Tender Cuts in Gravy With Real Turkey and Venison, and With Real Chicken and Duck High Protein Wet Dog Food Variety Pack - (Pack of 12) 13 oz. Cans</p><p>$28.09 ($2.88 / lb)</p><a href="https://www.amazon.com/dp/B07KZCGXPS?tag=eloabder-20&linkCode=osi&th=1&psc=1">View Product</a></div><div class="product"><a href="https://www.amazon.com/dp/B00M0FHCN6?tag=eloabder-20&linkCode=osi&th=1&psc=1"><img src="https://m.media-amazon.com/images/I/51wLSFGMhDL._SL500_.jpg" alt="Product Image"></a><p>CESAR Adult Wet Dog Food Classic Loaf in Sauce Poultry Variety Pack,. Easy Peel Trays with Real Chicken, Turkey or Duck, 3.5 Ounce (Pack of 24)</p><p>$24.98 ($4.76 / lb)</p><a href="https://www.amazon.com/dp/B00M0FHCN6?tag=eloabder-20&linkCode=osi&th=1&psc=1">View Product</a></div>
<div class="product"><a href="https://www.amazon.com/dp/B08P2D95G8?tag=eloabder-20&linkCode=osi&th=1&psc=1"><img src="https://m.media-amazon.com/images/I/51-0PjesnPL._SL500_.jpg" alt="Product Image"></a><p>Pur Luv Dog Treats, Chicken Jerky for Dogs, Made with 100% Real Chicken Breast, 16 Ounces, Healthy, Easily Digestible, Long-Lasting, High Protein Dog Treat, Satisfies Dog's Urge to Chew</p><p>$11.54 ($0.72 / oz)</p><a href="https://www.amazon.com/dp/B08P2D95G8?tag=eloabder-20&linkCode=osi&th=1&psc=1">View Product</a></div><div class="product"><a href="https://www.amazon.com/dp/B01KZECQRK?tag=eloabder-20&linkCode=osi&th=1&psc=1"><img src="https://m.media-amazon.com/images/I/41mCSdSOW6L._SL500_.jpg" alt="Product Image"></a><p>Pet 'n Shape Chik 'n Hide Twists – Chicken Wrapped Rawhide Natural Dog Treats, Small, 16 oz</p><p>$15.99</p><a href="https://www.amazon.com/dp/B01KZECQRK?tag=eloabder-20&linkCode=osi&th=1&psc=1">View Product</a></div><div class="product"><a href="https://www.amazon.com/dp/B003PMQMK2?tag=eloabder-20&linkCode=osi&th=1&psc=1"><img src="https://m.media-amazon.com/images/I/51rKBA3bcNL._SL500_.jpg" alt="Product Image"></a><p>Milk-Bone MaroSnacks Dog Treats, Beef, 40 Ounce with Real Bone Marrow and Calcium</p><p>$11.48 ($4.59 / lb)</p><a href="https://www.amazon.com/dp/B003PMQMK2?tag=eloabder-20&linkCode=osi&th=1&psc=1">View Product</a></div><div class="product"><a href="https://www.amazon.com/dp/B07BVLGZW6?tag=eloabder-20&linkCode=osi&th=1&psc=1"><img src="https://m.media-amazon.com/images/I/51oBIB2I7HL._SL500_.jpg" alt="Product Image"></a><p>Good'N'Fun P-94130 Triple Flavor Wings Dog Chews, One Size</p><p>$11.65 ($0.97 / oz)</p><a href="https://www.amazon.com/dp/B07BVLGZW6?tag=eloabder-20&linkCode=osi&th=1&psc=1">View Product</a></div><div class="product"><a href="https://www.amazon.com/dp/B003P9XG68?tag=eloabder-20&linkCode=osi&th=1&psc=1"><img src="https://m.media-amazon.com/images/I/41ytS3hkBnL._SL500_.jpg" alt="Product Image"></a><p>Blue Buffalo Health Bars Natural Crunchy Dog Treats Biscuits, Pumpkin & Cinnamon 16-oz Bag</p><p>$4.98 ($0.31 / oz)</p><a href="https://www.amazon.com/dp/B003P9XG68?tag=eloabder-20&linkCode=osi&th=1&psc=1">View Product</a></div><div class="product"><a href="https://www.amazon.com/dp/B0BWBTWXN3?tag=eloabder-20&linkCode=osi&th=1&psc=1"><img src="https://m.media-amazon.com/images/I/31+dzCcvlGL._SL500_.jpg" alt="Product Image"></a><p>Vital Essentials Freeze Dried Raw Single Ingredient Dog Treats, Chicken Hearts, 1.9 oz</p><p>$9.49 ($4.99 / oz)</p><a href="https://www.amazon.com/dp/B0BWBTWXN3?tag=eloabder-20&linkCode=osi&th=1&psc=1">View Product</a></div><div class="product"><a href="https://www.amazon.com/dp/B01C47NRJC?tag=eloabder-20&linkCode=osi&th=1&psc=1"><img src="https://m.media-amazon.com/images/I/51fs1tTjYCL._SL500_.jpg" alt="Product Image"></a><p>Purina Beggin' With Real Meat Dog Treats, Fun Size Original With Bacon Flavor - 25 oz. Pouch</p><p>$11.48 ($7.35 / lb)</p><a href="https://www.amazon.com/dp/B01C47NRJC?tag=eloabder-20&linkCode=osi&th=1&psc=1">View Product</a></div><div class="product"><a href="https://www.amazon.com/dp/B07BVL8TQF?tag=eloabder-20&linkCode=osi&th=1&psc=1"><img src="https://m.media-amazon.com/images/I/41V12A43ClL._SL500_.jpg" alt="Product Image"></a><p>Good'N'Fun Triple Flavored Rawhide Kabobs for Dogs, 1.5 Pound (Pack of 1)</p><p>$17.98 ($11.99 / lb)</p><a href="https://www.amazon.com/dp/B07BVL8TQF?tag=eloabder-20&linkCode=osi&th=1&psc=1">View Product</a></div>
<div class="product"><a href="https://www.amazon.com/dp/B00G5M75UK?tag=eloabder-20&linkCode=osi&th=1&psc=1"><img src="https://m.media-amazon.com/images/I/51eJ6OzgqGL._SL500_.jpg" alt="Product Image"></a><p>Best Pet Supplies 2-in-1 Stuffless Squeaky Dog Toys with Soft, Durable Fabric for Small, Medium, and Large Pets, No Stuffing for Indoor Play, Supports Active Biting and Play - 1Wild Duck, Small</p><p>$4.99</p><a href="https://www.amazon.com/dp/B00G5M75UK?tag=eloabder-20&linkCode=osi&th=1&psc=1">View Product</a></div><div class="product"><a href="https://www.amazon.com/dp/B0BGBHXSWH?tag=eloabder-20&linkCode=osi&th=1&psc=1"><img src="https://m.media-amazon.com/images/I/510SJqCt8qL._SL500_.jpg" alt="Product Image"></a><p>Cowjag Cat Toys, Laser Pointer with 5 Adjustable Patterns, USB Recharge Laser, Long Range and 3 Modes Training Chaser Interactive Toy, Dog Laser Toy</p><p>$9.99</p><a href="https://www.amazon.com/dp/B0BGBHXSWH?tag=eloabder-20&linkCode=osi&th=1&psc=1">View Product</a></div><div class="product"><a href="https://www.amazon.com/dp/B00CPDWT2M?tag=eloabder-20&linkCode=osi&th=1&psc=1"><img src="https://m.media-amazon.com/images/I/318fAcfhAdL._SL500_.jpg" alt="Product Image"></a><p>Benebone Wishbone Durable Dog Chew Toy for Aggressive Chewers, Real Bacon, Made in USA, Medium</p><p>$9.74</p><a href="https://www.amazon.com/dp/B00CPDWT2M?tag=eloabder-20&linkCode=osi&th=1&psc=1">View Product</a></div>



<div class="product"><a href="https://www.amazon.com/dp/B00BUFYFKK?tag=eloabder-20&linkCode=osi&th=1&psc=1"><img src="https://m.media-amazon.com/images/I/51kfe3GnT3L._SL500_.jpg" alt="Product Image"></a><p>Hartz UltraGuard Purple Flea & Tick Collar for Cats and Kittens - 7 Month Protection</p><p>$3.58</p><a href="https://www.amazon.com/dp/B00BUFYFKK?tag=eloabder-20&linkCode=osi&th=1&psc=1">View Product</a></div>


<div class="product"><a href="https://www.amazon.com/dp/B00MW8G3YU?tag=eloabder-20&linkCode=osi&th=1&psc=1"><img src="https://m.media-amazon.com/images/I/31KsVrUeevL._SL500_.jpg" alt="Product Image"></a><p>Amazon Basics Dog and Puppy Pee Pads with 5-Layer Leak-Proof Design and Quick-Dry Surface for Potty Training, Standard Absorbency, Regular Size, 22 x 22 Inch - Pack of 50, Blue & White</p><p>$11.85 ($0.24 / Count)</p><a href="https://www.amazon.com/dp/B00MW8G3YU?tag=eloabder-20&linkCode=osi&th=1&psc=1">View Product</a></div><div class="product"><a href="https://www.amazon.com/dp/B0CXM4NGZG?tag=eloabder-20&linkCode=osi&th=1&psc=1"><img src="https://m.media-amazon.com/images/I/41bxvVfBFkL._SL500_.jpg" alt="Product Image"></a><p>Dog Ear Cleaner Finger Wipes，Premium Ear Finger Wipes for Dogs Cats 50 Pcs Reduce Earwax Buildup Sooths Deodorizes Relieve Ear Itching Inflammation, Fresh Coconut Scent, Natural Ingredients (100 Pcs)</p><p>$12.34</p><a href="https://www.amazon.com/dp/B0CXM4NGZG?tag=eloabder-20&linkCode=osi&th=1&psc=1">View Product</a></div>













<div class="product"><a href="https://www.amazon.com/dp/B00PQ5UH0C?tag=eloabder-20&linkCode=osi&th=1&psc=1"><img src="https://m.media-amazon.com/images/I/51mFFpJO-aL._SL500_.jpg" alt="Product Image"></a><p>Wobble Wag Giggle Ball, Interactive Dog Toy, Fun Giggle Sounds When Rolled or Shaken, Pets Know Best, As Seen On TV</p><p>$14.99</p><a href="https://www.amazon.com/dp/B00PQ5UH0C?tag=eloabder-20&linkCode=osi&th=1&psc=1">View Product</a></div><div class="product"><a href="https://www.amazon.com/dp/B0054C9B1I?tag=eloabder-20&linkCode=osi&th=1&psc=1"><img src="https://m.media-amazon.com/images/I/51ubAM+J5DL._SL500_.jpg" alt="Product Image"></a><p>Hyper Pet Doggie Tail Interactive Plush Dog Toys (Wiggles, Vibrates, and Barks, Stimulating Play)</p><p>$16.77</p><a href="https://www.amazon.com/dp/B0054C9B1I?tag=eloabder-20&linkCode=osi&th=1&psc=1">View Product</a></div>






<div class="product"><a href="https://www.amazon.com/dp/B00JZHRYFI?tag=eloabder-20&linkCode=osi&th=1&psc=1"><img src="https://m.media-amazon.com/images/I/41xHqz3QFML._SL500_.jpg" alt="Product Image"></a><p>PetSafe Happy Ride Metal Dog Barrier - Adjusts to Fit Your Vehicle - Keeps Pets Off Passenger Seats - Sturdy Construction</p><p>$55.21</p><a href="https://www.amazon.com/dp/B00JZHRYFI?tag=eloabder-20&linkCode=osi&th=1&psc=1">View Product</a></div>

<div class="product"><a href="https://www.amazon.com/dp/B0CVXNKVWC?tag=eloabder-20&linkCode=osi&th=1&psc=1"><img src="https://m.media-amazon.com/images/I/41dsqiNkA+L._SL500_.jpg" alt="Product Image"></a><p>Jazzy Fuzzy Pet Heating Pad, 6 Adjustable Temperature Dog Cat Heating Pad with Timer, Waterproof Heating Pad Indoor for Dogs with Chew Resistant Cord (S:18" x 16")</p><p>$29.66</p><a href="https://www.amazon.com/dp/B0CVXNKVWC?tag=eloabder-20&linkCode=osi&th=1&psc=1">View Product</a></div>
<div class="product"><a href="https://www.amazon.com/dp/B0BPQRR1PN?tag=eloabder-20&linkCode=osi&th=1&psc=1"><img src="https://m.media-amazon.com/images/I/41Ppxz4+IFL._SL500_.jpg" alt="Product Image"></a><p>Newday Dog Toothbrush Set of 8 - Dual Headed, Dental Hygiene Convenient Soft Toothbrush to Clean pet Teeth, Dog Tooth Brushes for Small to Large Dogs, Cats, and Most Pets, Teeth Brush in Bulk</p><p>$6.99 ($0.87 / Count)</p><a href="https://www.amazon.com/dp/B0BPQRR1PN?tag=eloabder-20&linkCode=osi&th=1&psc=1">View Product</a></div><div class="product"><a href="https://www.amazon.com/dp/B0BRMQHYTW?tag=eloabder-20&linkCode=osi&th=1&psc=1"><img src="https://m.media-amazon.com/images/I/41hDIKxNIUL._SL500_.jpg" alt="Product Image"></a><p>HICC PET Teeth Cleaning Wipes for Dogs & Cats, Remove Bad Breath by Removing Plaque and Tartar Buildup No-Rinse Dog Finger Toothbrush, Disposable Gentle Cleaning & Gum Care Pet Wipes, 50 Counts</p><p>$15.99</p><a href="https://www.amazon.com/dp/B0BRMQHYTW?tag=eloabder-20&linkCode=osi&th=1&psc=1">View Product</a></div><div class="product"><a href="https://www.amazon.com/dp/B098PF4NPQ?tag=eloabder-20&linkCode=osi&th=1&psc=1"><img src="https://m.media-amazon.com/images/I/51J4B-P+q5L._SL500_.jpg" alt="Product Image"></a><p>Jasper Dog Toothbrush, 360º Dog Tooth Brushing Kit, Cat Toothbrush, Dog Teeth Cleaning, Dog Finger Toothbrush, Dog Tooth Brush for Small & Large Pets, Dog Toothpaste Not Included - Blue 2-Pack</p><p>$13.99 ($7.00 / Count)</p><a href="https://www.amazon.com/dp/B098PF4NPQ?tag=eloabder-20&linkCode=osi&th=1&psc=1">View Product</a></div><div class="product"><a href="https://www.amazon.com/dp/B08B7238H5?tag=eloabder-20&linkCode=osi&th=1&psc=1"><img src="https://m.media-amazon.com/images/I/41TrsZlWCuL._SL500_.jpg" alt="Product Image"></a><p>Pet Toothbrush for Dogs, Cats with Soft Bristles - Easy Teeth Cleaning & Dental Care, Non Slip Dual Head Dog Toothbrush</p><p>$6.79</p><a href="https://www.amazon.com/dp/B08B7238H5?tag=eloabder-20&linkCode=osi&th=1&psc=1">View Product</a></div><div class="product"><a href="https://www.amazon.com/dp/B0C3M7TD8R?tag=eloabder-20&linkCode=osi&th=1&psc=1"><img src="https://m.media-amazon.com/images/I/51COSpzGOjL._SL500_.jpg" alt="Product Image"></a><p>VIWIK 4Pack Dog Toothbrush Dog Tooth Brushing Kit, Cat Finger Toothbrush for Dogs Small Breed, Medium Large Dogs, Puppy Toothbrush for Dog Teeth Cleaning & Dental Care, Pet Finger Toothbrush Kit</p><p>$6.49 ($1.62 / Count)</p><a href="https://www.amazon.com/dp/B0C3M7TD8R?tag=eloabder-20&linkCode=osi&th=1&psc=1">View Product</a></div><div class="product"><a href="https://www.amazon.com/dp/B00B5RFJB2?tag=eloabder-20&linkCode=osi&th=1&psc=1"><img src="https://m.media-amazon.com/images/I/414Mxf1TTTL._SL500_.jpg" alt="Product Image"></a><p>Arm & Hammer for Pets Tartar Control Kit for Dogs | Contains Toothpaste, Toothbrush & Fingerbrush | Reduces Plaque & Tartar Buildup | Safe for Puppies, 3-Piece , Beef Flavor</p><p>$7.89 ($3.16 / Ounce)</p><a href="https://www.amazon.com/dp/B00B5RFJB2?tag=eloabder-20&linkCode=osi&th=1&psc=1">View Product</a></div><div class="product"><a href="https://www.amazon.com/dp/B0BRXMC97P?tag=eloabder-20&linkCode=osi&th=1&psc=1"><img src="https://m.media-amazon.com/images/I/31EQPPcpx-L._SL500_.jpg" alt="Product Image"></a><p>JAYU PET Dental Care Brush (Soft Bristles) - Toothbrush for Cat and Small Dog with Horizontal Head & Easy Grip Handle (1)</p><p>$9.99</p><a href="https://www.amazon.com/dp/B0BRXMC97P?tag=eloabder-20&linkCode=osi&th=1&psc=1">View Product</a></div><div class="product"><a href="https://www.amazon.com/dp/B09SXPVN5D?tag=eloabder-20&linkCode=osi&th=1&psc=1"><img src="https://m.media-amazon.com/images/I/41VfEMZtHxL._SL500_.jpg" alt="Product Image"></a><p>EASYA Double Headed Pet Dog Toothbrush for Small Dogs/Soft Bristles Puppy Long Handle Tooth Brush Dogs Teeth Cleaning/Bulk Toothbrushes Dental & Oral Care… (MIXED10)</p><p>$4.99 ($4.99 / Count)</p><a href="https://www.amazon.com/dp/B09SXPVN5D?tag=eloabder-20&linkCode=osi&th=1&psc=1">View Product</a></div><div class="product"><a href="https://www.amazon.com/dp/B06XKJNFXX?tag=eloabder-20&linkCode=osi&th=1&psc=1"><img src="https://m.media-amazon.com/images/I/51tetoX-VcL._SL500_.jpg" alt="Product Image"></a><p>Vet's Best Dog Toothbrush & Enzymatic Toothpaste Kit - Teeth Cleaning - Made with Natural Ingredients - Reduces Plaque, Whitens Teeth, Freshens Breath - Bonus Care Guide & Finger Brush Included</p><p>$9.26</p><a href="https://www.amazon.com/dp/B06XKJNFXX?tag=eloabder-20&linkCode=osi&th=1&psc=1">View Product</a></div>
<div class="product"><a href="https://www.amazon.com/dp/B00RZDXA7K?tag=eloabder-20&linkCode=osi&th=1&psc=1"><img src="https://m.media-amazon.com/images/I/41gpC5xESnL._SL500_.jpg" alt="Product Image"></a><p>Virbac CET Enzymatic Toothpaste| Eliminates Bad Breath by Removing Plaque & Tartar Buildup | Best Pet Dental Care Toothpaste | Poultry Flavor, 2.5 oz tube</p><p>$11.52 ($4.61 / Ounce)</p><a href="https://www.amazon.com/dp/B00RZDXA7K?tag=eloabder-20&linkCode=osi&th=1&psc=1">View Product</a></div><div class="product"><a href="https://www.amazon.com/dp/B08QJPJNGY?tag=eloabder-20&linkCode=osi&th=1&psc=1"><img src="https://m.media-amazon.com/images/I/41AHDzkNc5L._SL500_.jpg" alt="Product Image"></a><p>Arm & Hammer Complete Care Enzymatic Dog Toothpaste, 6.2 oz - Dog Toothpaste for Puppies and Adult Dogs, Arm and Hammer Toothpaste for Dogs - Pet Toothpaste, Dog Dental Care and Clean Dog Teeth</p><p>$5.82 ($0.94 / Ounce)</p><a href="https://www.amazon.com/dp/B08QJPJNGY?tag=eloabder-20&linkCode=osi&th=1&psc=1">View Product</a></div><div class="product"><a href="https://www.amazon.com/dp/B0778GHYXP?tag=eloabder-20&linkCode=osi&th=1&psc=1"><img src="https://m.media-amazon.com/images/I/41fl3mRiRtL._SL500_.jpg" alt="Product Image"></a><p>Petsmile Professional Pet Toothpaste - Cat & Dog Teeth Cleaning Supplies - Controls Plaque, Tartar, & Bad Breath - VOHC Accepted Toothpaste - Pet Dental Care Essentials (London Broil, 2.5 Oz)</p><p>$14.99</p><a href="https://www.amazon.com/dp/B0778GHYXP?tag=eloabder-20&linkCode=osi&th=1&psc=1">View Product</a></div><div class="product"><a href="https://www.amazon.com/dp/B0002AQMZU?tag=eloabder-20&linkCode=osi&th=1&psc=1"><img src="https://m.media-amazon.com/images/I/31bv4h2hNOL._SL500_.jpg" alt="Product Image"></a><p>Vet’s Best Enzymatic Dog Toothpaste | Teeth Cleaning and Fresh Breath Dental Care Gel | Vet Formulated | 3.5 Ounces | Grape flavor</p><p>$11.48</p><a href="https://www.amazon.com/dp/B0002AQMZU?tag=eloabder-20&linkCode=osi&th=1&psc=1">View Product</a></div><div class="product"><a href="https://www.amazon.com/dp/B00025K0R6?tag=eloabder-20&linkCode=osi&th=1&psc=1"><img src="https://m.media-amazon.com/images/I/41RMHNoofoL._SL500_.jpg" alt="Product Image"></a><p>Petrodex Toothpaste for Dogs and Puppies, Cleans Teeth and Fights Bad Breath, Reduces Plaque and Tartar Formation, Enzymatic Toothpaste, Poultry Flavor, 6.2oz</p><p>$10.03 ($1.62 / Ounce)</p><a href="https://www.amazon.com/dp/B00025K0R6?tag=eloabder-20&linkCode=osi&th=1&psc=1">View Product</a></div><div class="product"><a href="https://www.amazon.com/dp/B08QJFZCDK?tag=eloabder-20&linkCode=osi&th=1&psc=1"><img src="https://m.media-amazon.com/images/I/41bOWd5qb3L._SL500_.jpg" alt="Product Image"></a><p>Arm & Hammer Complete Care Enzymatic Dog Toothpaste Value Size | 6.2 oz Peanut Butter Flavor Enzymatic Dog Toothpaste for Puppies | Great Tasting Dog Toothpaste with Arm & Hammer Baking Soda</p><p>$6.63 ($1.07 / Ounce)</p><a href="https://www.amazon.com/dp/B08QJFZCDK?tag=eloabder-20&linkCode=osi&th=1&psc=1">View Product</a></div><div class="product"><a href="https://www.amazon.com/dp/B098953TJN?tag=eloabder-20&linkCode=osi&th=1&psc=1"><img src="https://m.media-amazon.com/images/I/31EsN5mPA9S._SL500_.jpg" alt="Product Image"></a><p>Petsmile Professional Pet Tooth Brushing Kit - Cat & Dog Toothbrush & Toothpaste - Control Plaque, Tartar & Bad Breath - VOHC Accepted Toothpaste - Teeth Cleaning Supplies (London Broil, 2.5 Oz)</p><p>$25.00 ($10.00 / Ounce)</p><a href="https://www.amazon.com/dp/B098953TJN?tag=eloabder-20&linkCode=osi&th=1&psc=1">View Product</a></div><div class="product"><a href="https://www.amazon.com/dp/B01KD8725Y?tag=eloabder-20&linkCode=osi&th=1&psc=1"><img src="https://m.media-amazon.com/images/I/411faxe3KUL._SL500_.jpg" alt="Product Image"></a><p>Arm & Hammer for Pets Clinical Care Dental Enzymatic Toothpaste for Dogs | Soothes Inflamed Gums | Safe for Puppies 1 Pack Fresh Breath Vanilla Ginger</p><p>$5.99 ($2.40 / Ounce)</p><a href="https://www.amazon.com/dp/B01KD8725Y?tag=eloabder-20&linkCode=osi&th=1&psc=1">View Product</a></div><div class="product"><a href="https://www.amazon.com/dp/B08QJNMHLZ?tag=eloabder-20&linkCode=osi&th=1&psc=1"><img src="https://m.media-amazon.com/images/I/41HvsSGBm5L._SL500_.jpg" alt="Product Image"></a><p>Arm & Hammer Complete Care Dog Dental Kit | 2.5 oz Chicken Flavor Enzymatic Dog Toothpaste, Toothbrush, & Finger Brush | Baking Soda Enhanced Formula for Fresh Breath and Tartar Control</p><p>$5.82 ($2.33 / Ounce)</p><a href="https://www.amazon.com/dp/B08QJNMHLZ?tag=eloabder-20&linkCode=osi&th=1&psc=1">View Product</a></div><div class="product"><a href="https://www.amazon.com/dp/B0CPQ26CG8?tag=eloabder-20&linkCode=osi&th=1&psc=1"><img src="https://m.media-amazon.com/images/I/31gKo9WixRL._SL500_.jpg" alt="Product Image"></a><p>Remineralizing Dog Toothpaste – Vet-Grade, with Nano-Hydroxyapatite, Reverses Early-Stage Decay, Cleans Teeth, Removes Tartar, Freshens Breath by Arterra Pet Science, Plant-Based, Natural Flavor, 4oz</p><p>$19.99 ($5.00 / Ounce)</p><a href="https://www.amazon.com/dp/B0CPQ26CG8?tag=eloabder-20&linkCode=osi&th=1&psc=1">View Product</a></div>


<div class="product"><a href="https://www.amazon.com/dp/B0C58GKQR3?tag=eloabder-20&linkCode=osi&th=1&psc=1"><img src="https://m.media-amazon.com/images/I/41ntA-bHrVL._SL500_.jpg" alt="Product Image"></a><p>MySimplePetLab Dog First Aid Kit | First Aid Dog Travel Accessories | Dog Medical Kit | Dog Essentials Mini First Aid for Wounds, Cuts, or Minor Injuries</p><p>$39.99 ($39.99 / Count)</p><a href="https://www.amazon.com/dp/B0C58GKQR3?tag=eloabder-20&linkCode=osi&th=1&psc=1">View Product</a></div>
<div class="product"><a href="https://www.amazon.com/dp/B0CSPNSVXK?tag=eloabder-20&linkCode=osi&th=1&psc=1"><img src="https://m.media-amazon.com/images/I/41HxJh914vL._SL500_.jpg" alt="Product Image"></a><p>Advanced Health Monitoring Pee Pads for Dogs – Color-Changing, Leak-Proof, and Odor-Control | As Seen on Shark Tank | Genius</p><p>$24.99</p><a href="https://www.amazon.com/dp/B0CSPNSVXK?tag=eloabder-20&linkCode=osi&th=1&psc=1">View Product</a></div>








<div class="product"><a href="https://www.amazon.com/dp/B002AI39QW?tag=eloabder-20&linkCode=osi&th=1&psc=1"><img src="https://m.media-amazon.com/images/I/41vafEl3pTL._SL500_.jpg" alt="Product Image"></a><p>Epi-Pet K-9 Care Sunscreen, Paws to Tail Protection, Prevents Sunburns on Dogs and Horses, Sun Protector Spray, SPF 30+, Non-Greasy/Oily Solution – 3.5 oz</p><p>$17.95</p><a href="https://www.amazon.com/dp/B002AI39QW?tag=eloabder-20&linkCode=osi&th=1&psc=1">View Product</a></div><div class="product"><a href="https://www.amazon.com/dp/B08DDJYJJC?tag=eloabder-20&linkCode=osi&th=1&psc=1"><img src="https://m.media-amazon.com/images/I/41AGRXwbz9L._SL500_.jpg" alt="Product Image"></a><p>Bodhi Dog Sunscreen | Large 8oz SPF 30+ Moisturizing Pet Sunscreen | Safe for All Breeds of Dogs, Cats and Horses | Natural Skin Protection and Conditioner for Skin, Coat, Nose, and Ears | USA Made</p><p>$13.99 ($1.75 / Fl Oz)</p><a href="https://www.amazon.com/dp/B08DDJYJJC?tag=eloabder-20&linkCode=osi&th=1&psc=1">View Product</a></div><div class="product"><a href="https://www.amazon.com/dp/B07SB22JNX?tag=eloabder-20&linkCode=osi&th=1&psc=1"><img src="https://m.media-amazon.com/images/I/41LcLbaDSXL._SL500_.jpg" alt="Product Image"></a><p>EBPP Dog Sunscreen Sun Skin Protector Spray 8 oz - Safe for All Breeds with No Zinc Oxide - Pet Protection and Moisturizer for Skin, Coat, Nose, Ears</p><p>$18.95 ($2.37 / Fl Oz)</p><a href="https://www.amazon.com/dp/B07SB22JNX?tag=eloabder-20&linkCode=osi&th=1&psc=1">View Product</a></div><div class="product"><a href="https://www.amazon.com/dp/B08Z1WPGJX?tag=eloabder-20&linkCode=osi&th=1&psc=1"><img src="https://m.media-amazon.com/images/I/41IgTyrpxBL._SL500_.jpg" alt="Product Image"></a><p>Bodhi Dog Sunscreen | Extra Large 16.5 Ounce SPF 30+ Moisturizing Pet Safe for All Breeds of Dogs, Cats and Horses | Skin Protection and Conditioner for Skin, Coat, Nose, and Ears | USA Made</p><p>$16.99</p><a href="https://www.amazon.com/dp/B08Z1WPGJX?tag=eloabder-20&linkCode=osi&th=1&psc=1">View Product</a></div><div class="product"><a href="https://www.amazon.com/dp/B0CSTCW6WL?tag=eloabder-20&linkCode=osi&th=1&psc=1"><img src="https://m.media-amazon.com/images/I/41UbNRTz7zL._SL500_.jpg" alt="Product Image"></a><p>Pet Sunscreen Balm, 60ml, SPF 15, Moisturizing, Eco-Friendly Tin, Non-Toxic Formula for Dogs and Cats</p><p>$14.99 ($0.25 / Gram)</p><a href="https://www.amazon.com/dp/B0CSTCW6WL?tag=eloabder-20&linkCode=osi&th=1&psc=1">View Product</a></div><div class="product"><a href="https://www.amazon.com/dp/B071K355ZQ?tag=eloabder-20&linkCode=osi&th=1&psc=1"><img src="https://m.media-amazon.com/images/I/51UiYOPTELL._SL500_.jpg" alt="Product Image"></a><p>SIT. STAY. FOREVER. SAFETY FIRST PET PRODUCTS Organic Sunscreen & Moisturizer for dogs and cats, 2 oz, All Natural, Waterproof, Red Raspberry Seed, Carrot Seed and Hemp Oils, Made in MAINE</p><p>$15.99 ($8.00 / Ounce)</p><a href="https://www.amazon.com/dp/B071K355ZQ?tag=eloabder-20&linkCode=osi&th=1&psc=1">View Product</a></div><div class="product"><a href="https://www.amazon.com/dp/B008F4OOM8?tag=eloabder-20&linkCode=osi&th=1&psc=1"><img src="https://m.media-amazon.com/images/I/31F67SFV7BL._SL500_.jpg" alt="Product Image"></a><p>Petkin Dog Sunscreen Sunstick – Sunscreen for Dogs and Puppies, SPF 15 – Simply Rub on Anytime for Instant Sun Protection – Vanilla Coconut Scent, .5 oz Net Weight – Ideal for Home or Travel</p><p>$11.97</p><a href="https://www.amazon.com/dp/B008F4OOM8?tag=eloabder-20&linkCode=osi&th=1&psc=1">View Product</a></div><div class="product"><a href="https://www.amazon.com/dp/B079VHFBGB?tag=eloabder-20&linkCode=osi&th=1&psc=1"><img src="https://m.media-amazon.com/images/I/51j8zibHIzL._SL500_.jpg" alt="Product Image"></a><p>Handy Hound SnoutScreen - All-Natural Organic Vet-Recommended Dog Nose balm and Paw Balm with Natural Sunscreen - Made in the USA Protect Your Dog from Harmful UVB/UVC Rays - 2 oz</p><p>$20.99 ($20.99 / Count)</p><a href="https://www.amazon.com/dp/B079VHFBGB?tag=eloabder-20&linkCode=osi&th=1&psc=1">View Product</a></div>
<div class="product"><a href="https://www.amazon.com/dp/B0D3QFMQM2?tag=eloabder-20&linkCode=osi&th=1&psc=1"><img src="https://m.media-amazon.com/images/I/41Xp-SBgePL._SL500_.jpg" alt="Product Image"></a><p>All-in-One Dog Supplement for Wellness and Longevity, 63 Ingredients for Joints, Cognition, Mood, Skin, Gut and Organ Health, Small Breeds, Vet-Formulated, Made in USA, Senior Formula for 8+ Years</p><p>$59.99 ($6.18 / Ounce)</p><a href="https://www.amazon.com/dp/B0D3QFMQM2?tag=eloabder-20&linkCode=osi&th=1&psc=1">View Product</a></div><div class="product"><a href="https://www.amazon.com/dp/B0083H586S?tag=eloabder-20&linkCode=osi&th=1&psc=1"><img src="https://m.media-amazon.com/images/I/41TpGg6ZSIL._SL500_.jpg" alt="Product Image"></a><p>NaturVet – Senior Wellness Hip & Joint Advanced Plus Omegas | Help Support Your Pet’s Healthy Hip & Joint Function | Supports Joints, Cartilage & Connective Tissues | 120 Soft Chews</p><p>$16.99 ($0.14 / Count)</p><a href="https://www.amazon.com/dp/B0083H586S?tag=eloabder-20&linkCode=osi&th=1&psc=1">View Product</a></div><div class="product"><a href="https://www.amazon.com/dp/B07FWPPGWT?tag=eloabder-20&linkCode=osi&th=1&psc=1"><img src="https://m.media-amazon.com/images/I/41+inDo9CwL._SL500_.jpg" alt="Product Image"></a><p>Critical Immune Defense for Dogs & Cats; Supports Normal Cell Growth - Turkey Tail, Reishi, Shiitake and Maitake Mushroom Formula with Patented White Turmeric Root Extract - 30-day Supply</p><p>$65.00 ($10.25 / Ounce)</p><a href="https://www.amazon.com/dp/B07FWPPGWT?tag=eloabder-20&linkCode=osi&th=1&psc=1">View Product</a></div><div class="product"><a href="https://www.amazon.com/dp/B07498ZT6K?tag=eloabder-20&linkCode=osi&th=1&psc=1"><img src="https://m.media-amazon.com/images/I/310kUj+IP1L._SL500_.jpg" alt="Product Image"></a><p>Hemp Well Hemp Thrive Oil for Dogs and Cats – 16 Ounces of Organic Hemp Oil Supplement for Dog and Cat Health, Calming, Joint Support, ImmuneHealth, and Itchy Skin Relief</p><p>$25.90 ($1.62 / Fl Oz)</p><a href="https://www.amazon.com/dp/B07498ZT6K?tag=eloabder-20&linkCode=osi&th=1&psc=1">View Product</a></div><div class="product"><a href="https://www.amazon.com/dp/B09RX31T8Z?tag=eloabder-20&linkCode=osi&th=1&psc=1"><img src="https://m.media-amazon.com/images/I/41Huq-Gip0L._SL500_.jpg" alt="Product Image"></a><p>Turkey Tail Pet Support - Dog Multivitamins and Supplements for Immune Support, Gut Health & Wellness - Grain-Free, Gluten-Free, Vet-Approved Dog Supplement (90ct)</p><p>$23.95 ($0.27 / Count)</p><a href="https://www.amazon.com/dp/B09RX31T8Z?tag=eloabder-20&linkCode=osi&th=1&psc=1">View Product</a></div><div class="product"><a href="https://www.amazon.com/dp/B09FR3KFYP?tag=eloabder-20&linkCode=osi&th=1&psc=1"><img src="https://m.media-amazon.com/images/I/51v0CdmWq5L._SL500_.jpg" alt="Product Image"></a><p>Well Loved Glucosamine for Dogs - Joint Supplement for Dogs, Made in USA, Vet Developed, Dog Joint Supplement, Glucosamine Chondroitin for Dogs, Advanced Hip and Joint Chews with MSM, Pain Relief, 120</p><p>$23.99 ($0.20 / Count)</p><a href="https://www.amazon.com/dp/B09FR3KFYP?tag=eloabder-20&linkCode=osi&th=1&psc=1">View Product</a></div><div class="product"><a href="https://www.amazon.com/dp/B09H3RBXKS?tag=eloabder-20&linkCode=osi&th=1&psc=1"><img src="https://m.media-amazon.com/images/I/51Zm0SMzn3L._SL500_.jpg" alt="Product Image"></a><p>Well Loved Probiotics for Dogs, Dog Probiotics and Digestive Enzymes, Made in USA, Vet Developed, Dog Probiotic Chews with Prebiotics, Diarrhea Treatment, for Itchy Skin, Gut Health & Gas Relief</p><p>$27.99 ($0.23 / Count)</p><a href="https://www.amazon.com/dp/B09H3RBXKS?tag=eloabder-20&linkCode=osi&th=1&psc=1">View Product</a></div>
<div class="product"><a href="https://www.amazon.com/dp/B09GJJLDWR?tag=eloabder-20&linkCode=osi&th=1&psc=1"><img src="https://m.media-amazon.com/images/I/51dYorxBpSL._SL500_.jpg" alt="Product Image"></a><p>Purina Beggin' Strips Dog Treats, Original With Bacon Flavor - (Pack of 2) 26 oz. Pouches</p><p>$21.19 ($6.52 / lb)</p><a href="https://www.amazon.com/dp/B09GJJLDWR?tag=eloabder-20&linkCode=osi&th=1&psc=1">View Product</a></div>


<div class="product"><a href="https://www.amazon.com/dp/B0009YWKUA?tag=eloabder-20&linkCode=osi&th=1&psc=1"><img src="https://m.media-amazon.com/images/I/41DzZ0HgS7L._SL500_.jpg" alt="Product Image"></a><p>Blue Buffalo Life Protection Formula Adult Dry Dog Food, Helps Build and Maintain Strong Muscles, Made with Natural Ingredients, Chicken & Brown Rice Recipe, 30-lb. Bag</p><p>$64.98 ($2.17 / lb)</p><a href="https://www.amazon.com/dp/B0009YWKUA?tag=eloabder-20&linkCode=osi&th=1&psc=1">View Product</a></div><div class="product"><a href="https://www.amazon.com/dp/B009IOCCD2?tag=eloabder-20&linkCode=osi&th=1&psc=1"><img src="https://m.media-amazon.com/images/I/41kN4rGGnEL._SL500_.jpg" alt="Product Image"></a><p>Purina ONE Dry Dog Food Lamb and Rice Formula - 31.1 lb. Bag</p><p>$48.98 ($1.57 / lb)</p><a href="https://www.amazon.com/dp/B009IOCCD2?tag=eloabder-20&linkCode=osi&th=1&psc=1">View Product</a></div><div class="product"><a href="https://www.amazon.com/dp/B00BD741WM?tag=eloabder-20&linkCode=osi&th=1&psc=1"><img src="https://m.media-amazon.com/images/I/51DjFJxGuzL._SL500_.jpg" alt="Product Image"></a><p>IAMS Adult Minichunks Small Kibble High Protein Dry Dog Food with Real Chicken, 30 lb. Bag,(Packaging may vary)</p><p>$46.98 ($1.57 / lb)</p><a href="https://www.amazon.com/dp/B00BD741WM?tag=eloabder-20&linkCode=osi&th=1&psc=1">View Product</a></div><div class="product"><a href="https://www.amazon.com/dp/B07KZCGXPS?tag=eloabder-20&linkCode=osi&th=1&psc=1"><img src="https://m.media-amazon.com/images/I/41f7ma8WlmL._SL500_.jpg" alt="Product Image"></a><p>Purina ONE True Instinct Tender Cuts in Gravy With Real Turkey and Venison, and With Real Chicken and Duck High Protein Wet Dog Food Variety Pack - (Pack of 12) 13 oz. Cans</p><p>$28.09 ($2.88 / lb)</p><a href="https://www.amazon.com/dp/B07KZCGXPS?tag=eloabder-20&linkCode=osi&th=1&psc=1">View Product</a></div><div class="product"><a href="https://www.amazon.com/dp/B00M0FHCN6?tag=eloabder-20&linkCode=osi&th=1&psc=1"><img src="https://m.media-amazon.com/images/I/51wLSFGMhDL._SL500_.jpg" alt="Product Image"></a><p>CESAR Adult Wet Dog Food Classic Loaf in Sauce Poultry Variety Pack,. Easy Peel Trays with Real Chicken, Turkey or Duck, 3.5 Ounce (Pack of 24)</p><p>$24.98 ($4.76 / lb)</p><a href="https://www.amazon.com/dp/B00M0FHCN6?tag=eloabder-20&linkCode=osi&th=1&psc=1">View Product</a></div>
<div class="product"><a href="https://www.amazon.com/dp/B08P2D95G8?tag=eloabder-20&linkCode=osi&th=1&psc=1"><img src="https://m.media-amazon.com/images/I/51-0PjesnPL._SL500_.jpg" alt="Product Image"></a><p>Pur Luv Dog Treats, Chicken Jerky for Dogs, Made with 100% Real Chicken Breast, 16 Ounces, Healthy, Easily Digestible, Long-Lasting, High Protein Dog Treat, Satisfies Dog's Urge to Chew</p><p>$11.54 ($0.72 / oz)</p><a href="https://www.amazon.com/dp/B08P2D95G8?tag=eloabder-20&linkCode=osi&th=1&psc=1">View Product</a></div><div class="product"><a href="https://www.amazon.com/dp/B01KZECQRK?tag=eloabder-20&linkCode=osi&th=1&psc=1"><img src="https://m.media-amazon.com/images/I/41mCSdSOW6L._SL500_.jpg" alt="Product Image"></a><p>Pet 'n Shape Chik 'n Hide Twists – Chicken Wrapped Rawhide Natural Dog Treats, Small, 16 oz</p><p>$15.99</p><a href="https://www.amazon.com/dp/B01KZECQRK?tag=eloabder-20&linkCode=osi&th=1&psc=1">View Product</a></div><div class="product"><a href="https://www.amazon.com/dp/B003PMQMK2?tag=eloabder-20&linkCode=osi&th=1&psc=1"><img src="https://m.media-amazon.com/images/I/51rKBA3bcNL._SL500_.jpg" alt="Product Image"></a><p>Milk-Bone MaroSnacks Dog Treats, Beef, 40 Ounce with Real Bone Marrow and Calcium</p><p>$11.48 ($4.59 / lb)</p><a href="https://www.amazon.com/dp/B003PMQMK2?tag=eloabder-20&linkCode=osi&th=1&psc=1">View Product</a></div><div class="product"><a href="https://www.amazon.com/dp/B07BVLGZW6?tag=eloabder-20&linkCode=osi&th=1&psc=1"><img src="https://m.media-amazon.com/images/I/51oBIB2I7HL._SL500_.jpg" alt="Product Image"></a><p>Good'N'Fun P-94130 Triple Flavor Wings Dog Chews, One Size</p><p>$11.65 ($0.97 / oz)</p><a href="https://www.amazon.com/dp/B07BVLGZW6?tag=eloabder-20&linkCode=osi&th=1&psc=1">View Product</a></div><div class="product"><a href="https://www.amazon.com/dp/B003P9XG68?tag=eloabder-20&linkCode=osi&th=1&psc=1"><img src="https://m.media-amazon.com/images/I/41ytS3hkBnL._SL500_.jpg" alt="Product Image"></a><p>Blue Buffalo Health Bars Natural Crunchy Dog Treats Biscuits, Pumpkin & Cinnamon 16-oz Bag</p><p>$4.98 ($0.31 / oz)</p><a href="https://www.amazon.com/dp/B003P9XG68?tag=eloabder-20&linkCode=osi&th=1&psc=1">View Product</a></div><div class="product"><a href="https://www.amazon.com/dp/B0BWBTWXN3?tag=eloabder-20&linkCode=osi&th=1&psc=1"><img src="https://m.media-amazon.com/images/I/31+dzCcvlGL._SL500_.jpg" alt="Product Image"></a><p>Vital Essentials Freeze Dried Raw Single Ingredient Dog Treats, Chicken Hearts, 1.9 oz</p><p>$9.49 ($4.99 / oz)</p><a href="https://www.amazon.com/dp/B0BWBTWXN3?tag=eloabder-20&linkCode=osi&th=1&psc=1">View Product</a></div><div class="product"><a href="https://www.amazon.com/dp/B01C47NRJC?tag=eloabder-20&linkCode=osi&th=1&psc=1"><img src="https://m.media-amazon.com/images/I/51fs1tTjYCL._SL500_.jpg" alt="Product Image"></a><p>Purina Beggin' With Real Meat Dog Treats, Fun Size Original With Bacon Flavor - 25 oz. Pouch</p><p>$11.48 ($7.35 / lb)</p><a href="https://www.amazon.com/dp/B01C47NRJC?tag=eloabder-20&linkCode=osi&th=1&psc=1">View Product</a></div><div class="product"><a href="https://www.amazon.com/dp/B07BVL8TQF?tag=eloabder-20&linkCode=osi&th=1&psc=1"><img src="https://m.media-amazon.com/images/I/41V12A43ClL._SL500_.jpg" alt="Product Image"></a><p>Good'N'Fun Triple Flavored Rawhide Kabobs for Dogs, 1.5 Pound (Pack of 1)</p><p>$17.98 ($11.99 / lb)</p><a href="https://www.amazon.com/dp/B07BVL8TQF?tag=eloabder-20&linkCode=osi&th=1&psc=1">View Product</a></div>
<div class="product"><a href="https://www.amazon.com/dp/B00G5M75UK?tag=eloabder-20&linkCode=osi&th=1&psc=1"><img src="https://m.media-amazon.com/images/I/51eJ6OzgqGL._SL500_.jpg" alt="Product Image"></a><p>Best Pet Supplies 2-in-1 Stuffless Squeaky Dog Toys with Soft, Durable Fabric for Small, Medium, and Large Pets, No Stuffing for Indoor Play, Supports Active Biting and Play - 1Wild Duck, Small</p><p>$4.99</p><a href="https://www.amazon.com/dp/B00G5M75UK?tag=eloabder-20&linkCode=osi&th=1&psc=1">View Product</a></div><div class="product"><a href="https://www.amazon.com/dp/B0BGBHXSWH?tag=eloabder-20&linkCode=osi&th=1&psc=1"><img src="https://m.media-amazon.com/images/I/510SJqCt8qL._SL500_.jpg" alt="Product Image"></a><p>Cowjag Cat Toys, Laser Pointer with 5 Adjustable Patterns, USB Recharge Laser, Long Range and 3 Modes Training Chaser Interactive Toy, Dog Laser Toy</p><p>$9.99</p><a href="https://www.amazon.com/dp/B0BGBHXSWH?tag=eloabder-20&linkCode=osi&th=1&psc=1">View Product</a></div><div class="product"><a href="https://www.amazon.com/dp/B00CPDWT2M?tag=eloabder-20&linkCode=osi&th=1&psc=1"><img src="https://m.media-amazon.com/images/I/318fAcfhAdL._SL500_.jpg" alt="Product Image"></a><p>Benebone Wishbone Durable Dog Chew Toy for Aggressive Chewers, Real Bacon, Made in USA, Medium</p><p>$9.74</p><a href="https://www.amazon.com/dp/B00CPDWT2M?tag=eloabder-20&linkCode=osi&th=1&psc=1">View Product</a></div>



<div class="product"><a href="https://www.amazon.com/dp/B00BUFYFKK?tag=eloabder-20&linkCode=osi&th=1&psc=1"><img src="https://m.media-amazon.com/images/I/51kfe3GnT3L._SL500_.jpg" alt="Product Image"></a><p>Hartz UltraGuard Purple Flea & Tick Collar for Cats and Kittens - 7 Month Protection</p><p>$3.58</p><a href="https://www.amazon.com/dp/B00BUFYFKK?tag=eloabder-20&linkCode=osi&th=1&psc=1">View Product</a></div>



<div class="product"><a href="https://www.amazon.com/dp/B00MW8G3YU?tag=eloabder-20&linkCode=osi&th=1&psc=1"><img src="https://m.media-amazon.com/images/I/31KsVrUeevL._SL500_.jpg" alt="Product Image"></a><p>Amazon Basics Dog and Puppy Pee Pads with 5-Layer Leak-Proof Design and Quick-Dry Surface for Potty Training, Standard Absorbency, Regular Size, 22 x 22 Inch - Pack of 50, Blue & White</p><p>$11.85 ($0.24 / Count)</p><a href="https://www.amazon.com/dp/B00MW8G3YU?tag=eloabder-20&linkCode=osi&th=1&psc=1">View Product</a></div><div class="product"><a href="https://www.amazon.com/dp/B0CXM4NGZG?tag=eloabder-20&linkCode=osi&th=1&psc=1"><img src="https://m.media-amazon.com/images/I/41bxvVfBFkL._SL500_.jpg" alt="Product Image"></a><p>Dog Ear Cleaner Finger Wipes，Premium Ear Finger Wipes for Dogs Cats 50 Pcs Reduce Earwax Buildup Sooths Deodorizes Relieve Ear Itching Inflammation, Fresh Coconut Scent, Natural Ingredients (100 Pcs)</p><p>$12.34</p><a href="https://www.amazon.com/dp/B0CXM4NGZG?tag=eloabder-20&linkCode=osi&th=1&psc=1">View Product</a></div>













<div class="product"><a href="https://www.amazon.com/dp/B00PQ5UH0C?tag=eloabder-20&linkCode=osi&th=1&psc=1"><img src="https://m.media-amazon.com/images/I/51mFFpJO-aL._SL500_.jpg" alt="Product Image"></a><p>Wobble Wag Giggle Ball, Interactive Dog Toy, Fun Giggle Sounds When Rolled or Shaken, Pets Know Best, As Seen On TV</p><p>$14.99</p><a href="https://www.amazon.com/dp/B00PQ5UH0C?tag=eloabder-20&linkCode=osi&th=1&psc=1">View Product</a></div><div class="product"><a href="https://www.amazon.com/dp/B0054C9B1I?tag=eloabder-20&linkCode=osi&th=1&psc=1"><img src="https://m.media-amazon.com/images/I/51ubAM+J5DL._SL500_.jpg" alt="Product Image"></a><p>Hyper Pet Doggie Tail Interactive Plush Dog Toys (Wiggles, Vibrates, and Barks, Stimulating Play)</p><p>$16.77</p><a href="https://www.amazon.com/dp/B0054C9B1I?tag=eloabder-20&linkCode=osi&th=1&psc=1">View Product</a></div>






<div class="product"><a href="https://www.amazon.com/dp/B00JZHRYFI?tag=eloabder-20&linkCode=osi&th=1&psc=1"><img src="https://m.media-amazon.com/images/I/41xHqz3QFML._SL500_.jpg" alt="Product Image"></a><p>PetSafe Happy Ride Metal Dog Barrier - Adjusts to Fit Your Vehicle - Keeps Pets Off Passenger Seats - Sturdy Construction</p><p>$55.21</p><a href="https://www.amazon.com/dp/B00JZHRYFI?tag=eloabder-20&linkCode=osi&th=1&psc=1">View Product</a></div>

<div class="product"><a href="https://www.amazon.com/dp/B0CVXNKVWC?tag=eloabder-20&linkCode=osi&th=1&psc=1"><img src="https://m.media-amazon.com/images/I/41dsqiNkA+L._SL500_.jpg" alt="Product Image"></a><p>Jazzy Fuzzy Pet Heating Pad, 6 Adjustable Temperature Dog Cat Heating Pad with Timer, Waterproof Heating Pad Indoor for Dogs with Chew Resistant Cord (S:18" x 16")</p><p>$29.66</p><a href="https://www.amazon.com/dp/B0CVXNKVWC?tag=eloabder-20&linkCode=osi&th=1&psc=1">View Product</a></div>
<div class="product"><a href="https://www.amazon.com/dp/B0BPQRR1PN?tag=eloabder-20&linkCode=osi&th=1&psc=1"><img src="https://m.media-amazon.com/images/I/41Ppxz4+IFL._SL500_.jpg" alt="Product Image"></a><p>Newday Dog Toothbrush Set of 8 - Dual Headed, Dental Hygiene Convenient Soft Toothbrush to Clean pet Teeth, Dog Tooth Brushes for Small to Large Dogs, Cats, and Most Pets, Teeth Brush in Bulk</p><p>$6.99 ($0.87 / Count)</p><a href="https://www.amazon.com/dp/B0BPQRR1PN?tag=eloabder-20&linkCode=osi&th=1&psc=1">View Product</a></div><div class="product"><a href="https://www.amazon.com/dp/B0BRMQHYTW?tag=eloabder-20&linkCode=osi&th=1&psc=1"><img src="https://m.media-amazon.com/images/I/41hDIKxNIUL._SL500_.jpg" alt="Product Image"></a><p>HICC PET Teeth Cleaning Wipes for Dogs & Cats, Remove Bad Breath by Removing Plaque and Tartar Buildup No-Rinse Dog Finger Toothbrush, Disposable Gentle Cleaning & Gum Care Pet Wipes, 50 Counts</p><p>$15.99</p><a href="https://www.amazon.com/dp/B0BRMQHYTW?tag=eloabder-20&linkCode=osi&th=1&psc=1">View Product</a></div><div class="product"><a href="https://www.amazon.com/dp/B098PF4NPQ?tag=eloabder-20&linkCode=osi&th=1&psc=1"><img src="https://m.media-amazon.com/images/I/51J4B-P+q5L._SL500_.jpg" alt="Product Image"></a><p>Jasper Dog Toothbrush, 360º Dog Tooth Brushing Kit, Cat Toothbrush, Dog Teeth Cleaning, Dog Finger Toothbrush, Dog Tooth Brush for Small & Large Pets, Dog Toothpaste Not Included - Blue 2-Pack</p><p>$13.99 ($7.00 / Count)</p><a href="https://www.amazon.com/dp/B098PF4NPQ?tag=eloabder-20&linkCode=osi&th=1&psc=1">View Product</a></div><div class="product"><a href="https://www.amazon.com/dp/B08B7238H5?tag=eloabder-20&linkCode=osi&th=1&psc=1"><img src="https://m.media-amazon.com/images/I/41TrsZlWCuL._SL500_.jpg" alt="Product Image"></a><p>Pet Toothbrush for Dogs, Cats with Soft Bristles - Easy Teeth Cleaning & Dental Care, Non Slip Dual Head Dog Toothbrush</p><p>$6.79</p><a href="https://www.amazon.com/dp/B08B7238H5?tag=eloabder-20&linkCode=osi&th=1&psc=1">View Product</a></div><div class="product"><a href="https://www.amazon.com/dp/B0C3M7TD8R?tag=eloabder-20&linkCode=osi&th=1&psc=1"><img src="https://m.media-amazon.com/images/I/51COSpzGOjL._SL500_.jpg" alt="Product Image"></a><p>VIWIK 4Pack Dog Toothbrush Dog Tooth Brushing Kit, Cat Finger Toothbrush for Dogs Small Breed, Medium Large Dogs, Puppy Toothbrush for Dog Teeth Cleaning & Dental Care, Pet Finger Toothbrush Kit</p><p>$6.49 ($1.62 / Count)</p><a href="https://www.amazon.com/dp/B0C3M7TD8R?tag=eloabder-20&linkCode=osi&th=1&psc=1">View Product</a></div><div class="product"><a href="https://www.amazon.com/dp/B00B5RFJB2?tag=eloabder-20&linkCode=osi&th=1&psc=1"><img src="https://m.media-amazon.com/images/I/414Mxf1TTTL._SL500_.jpg" alt="Product Image"></a><p>Arm & Hammer for Pets Tartar Control Kit for Dogs | Contains Toothpaste, Toothbrush & Fingerbrush | Reduces Plaque & Tartar Buildup | Safe for Puppies, 3-Piece , Beef Flavor</p><p>$7.89 ($3.16 / Ounce)</p><a href="https://www.amazon.com/dp/B00B5RFJB2?tag=eloabder-20&linkCode=osi&th=1&psc=1">View Product</a></div><div class="product"><a href="https://www.amazon.com/dp/B0BRXMC97P?tag=eloabder-20&linkCode=osi&th=1&psc=1"><img src="https://m.media-amazon.com/images/I/31EQPPcpx-L._SL500_.jpg" alt="Product Image"></a><p>JAYU PET Dental Care Brush (Soft Bristles) - Toothbrush for Cat and Small Dog with Horizontal Head & Easy Grip Handle (1)</p><p>$9.99</p><a href="https://www.amazon.com/dp/B0BRXMC97P?tag=eloabder-20&linkCode=osi&th=1&psc=1">View Product</a></div><div class="product"><a href="https://www.amazon.com/dp/B09SXPVN5D?tag=eloabder-20&linkCode=osi&th=1&psc=1"><img src="https://m.media-amazon.com/images/I/41VfEMZtHxL._SL500_.jpg" alt="Product Image"></a><p>EASYA Double Headed Pet Dog Toothbrush for Small Dogs/Soft Bristles Puppy Long Handle Tooth Brush Dogs Teeth Cleaning/Bulk Toothbrushes Dental & Oral Care… (MIXED10)</p><p>$4.99 ($4.99 / Count)</p><a href="https://www.amazon.com/dp/B09SXPVN5D?tag=eloabder-20&linkCode=osi&th=1&psc=1">View Product</a></div><div class="product"><a href="https://www.amazon.com/dp/B06XKJNFXX?tag=eloabder-20&linkCode=osi&th=1&psc=1"><img src="https://m.media-amazon.com/images/I/51tetoX-VcL._SL500_.jpg" alt="Product Image"></a><p>Vet's Best Dog Toothbrush & Enzymatic Toothpaste Kit - Teeth Cleaning - Made with Natural Ingredients - Reduces Plaque, Whitens Teeth, Freshens Breath - Bonus Care Guide & Finger Brush Included</p><p>$9.26</p><a href="https://www.amazon.com/dp/B06XKJNFXX?tag=eloabder-20&linkCode=osi&th=1&psc=1">View Product</a></div>
<div class="product"><a href="https://www.amazon.com/dp/B00RZDXA7K?tag=eloabder-20&linkCode=osi&th=1&psc=1"><img src="https://m.media-amazon.com/images/I/41gpC5xESnL._SL500_.jpg" alt="Product Image"></a><p>Virbac CET Enzymatic Toothpaste| Eliminates Bad Breath by Removing Plaque & Tartar Buildup | Best Pet Dental Care Toothpaste | Poultry Flavor, 2.5 oz tube</p><p>$11.52 ($4.61 / Ounce)</p><a href="https://www.amazon.com/dp/B00RZDXA7K?tag=eloabder-20&linkCode=osi&th=1&psc=1">View Product</a></div><div class="product"><a href="https://www.amazon.com/dp/B08QJPJNGY?tag=eloabder-20&linkCode=osi&th=1&psc=1"><img src="https://m.media-amazon.com/images/I/41AHDzkNc5L._SL500_.jpg" alt="Product Image"></a><p>Arm & Hammer Complete Care Enzymatic Dog Toothpaste, 6.2 oz - Dog Toothpaste for Puppies and Adult Dogs, Arm and Hammer Toothpaste for Dogs - Pet Toothpaste, Dog Dental Care and Clean Dog Teeth</p><p>$5.82 ($0.94 / Ounce)</p><a href="https://www.amazon.com/dp/B08QJPJNGY?tag=eloabder-20&linkCode=osi&th=1&psc=1">View Product</a></div><div class="product"><a href="https://www.amazon.com/dp/B0778GHYXP?tag=eloabder-20&linkCode=osi&th=1&psc=1"><img src="https://m.media-amazon.com/images/I/41fl3mRiRtL._SL500_.jpg" alt="Product Image"></a><p>Petsmile Professional Pet Toothpaste - Cat & Dog Teeth Cleaning Supplies - Controls Plaque, Tartar, & Bad Breath - VOHC Accepted Toothpaste - Pet Dental Care Essentials (London Broil, 2.5 Oz)</p><p>$14.99</p><a href="https://www.amazon.com/dp/B0778GHYXP?tag=eloabder-20&linkCode=osi&th=1&psc=1">View Product</a></div><div class="product"><a href="https://www.amazon.com/dp/B0002AQMZU?tag=eloabder-20&linkCode=osi&th=1&psc=1"><img src="https://m.media-amazon.com/images/I/31bv4h2hNOL._SL500_.jpg" alt="Product Image"></a><p>Vet’s Best Enzymatic Dog Toothpaste | Teeth Cleaning and Fresh Breath Dental Care Gel | Vet Formulated | 3.5 Ounces | Grape flavor</p><p>$11.48</p><a href="https://www.amazon.com/dp/B0002AQMZU?tag=eloabder-20&linkCode=osi&th=1&psc=1">View Product</a></div><div class="product"><a href="https://www.amazon.com/dp/B00025K0R6?tag=eloabder-20&linkCode=osi&th=1&psc=1"><img src="https://m.media-amazon.com/images/I/41RMHNoofoL._SL500_.jpg" alt="Product Image"></a><p>Petrodex Toothpaste for Dogs and Puppies, Cleans Teeth and Fights Bad Breath, Reduces Plaque and Tartar Formation, Enzymatic Toothpaste, Poultry Flavor, 6.2oz</p><p>$10.03 ($1.62 / Ounce)</p><a href="https://www.amazon.com/dp/B00025K0R6?tag=eloabder-20&linkCode=osi&th=1&psc=1">View Product</a></div><div class="product"><a href="https://www.amazon.com/dp/B08QJFZCDK?tag=eloabder-20&linkCode=osi&th=1&psc=1"><img src="https://m.media-amazon.com/images/I/41bOWd5qb3L._SL500_.jpg" alt="Product Image"></a><p>Arm & Hammer Complete Care Enzymatic Dog Toothpaste Value Size | 6.2 oz Peanut Butter Flavor Enzymatic Dog Toothpaste for Puppies | Great Tasting Dog Toothpaste with Arm & Hammer Baking Soda</p><p>$6.63 ($1.07 / Ounce)</p><a href="https://www.amazon.com/dp/B08QJFZCDK?tag=eloabder-20&linkCode=osi&th=1&psc=1">View Product</a></div><div class="product"><a href="https://www.amazon.com/dp/B098953TJN?tag=eloabder-20&linkCode=osi&th=1&psc=1"><img src="https://m.media-amazon.com/images/I/31EsN5mPA9S._SL500_.jpg" alt="Product Image"></a><p>Petsmile Professional Pet Tooth Brushing Kit - Cat & Dog Toothbrush & Toothpaste - Control Plaque, Tartar & Bad Breath - VOHC Accepted Toothpaste - Teeth Cleaning Supplies (London Broil, 2.5 Oz)</p><p>$25.00 ($10.00 / Ounce)</p><a href="https://www.amazon.com/dp/B098953TJN?tag=eloabder-20&linkCode=osi&th=1&psc=1">View Product</a></div><div class="product"><a href="https://www.amazon.com/dp/B01KD8725Y?tag=eloabder-20&linkCode=osi&th=1&psc=1"><img src="https://m.media-amazon.com/images/I/411faxe3KUL._SL500_.jpg" alt="Product Image"></a><p>Arm & Hammer for Pets Clinical Care Dental Enzymatic Toothpaste for Dogs | Soothes Inflamed Gums | Safe for Puppies 1 Pack Fresh Breath Vanilla Ginger</p><p>$5.99 ($2.40 / Ounce)</p><a href="https://www.amazon.com/dp/B01KD8725Y?tag=eloabder-20&linkCode=osi&th=1&psc=1">View Product</a></div><div class="product"><a href="https://www.amazon.com/dp/B08QJNMHLZ?tag=eloabder-20&linkCode=osi&th=1&psc=1"><img src="https://m.media-amazon.com/images/I/41HvsSGBm5L._SL500_.jpg" alt="Product Image"></a><p>Arm & Hammer Complete Care Dog Dental Kit | 2.5 oz Chicken Flavor Enzymatic Dog Toothpaste, Toothbrush, & Finger Brush | Baking Soda Enhanced Formula for Fresh Breath and Tartar Control</p><p>$5.82 ($2.33 / Ounce)</p><a href="https://www.amazon.com/dp/B08QJNMHLZ?tag=eloabder-20&linkCode=osi&th=1&psc=1">View Product</a></div><div class="product"><a href="https://www.amazon.com/dp/B0CPQ26CG8?tag=eloabder-20&linkCode=osi&th=1&psc=1"><img src="https://m.media-amazon.com/images/I/31gKo9WixRL._SL500_.jpg" alt="Product Image"></a><p>Remineralizing Dog Toothpaste – Vet-Grade, with Nano-Hydroxyapatite, Reverses Early-Stage Decay, Cleans Teeth, Removes Tartar, Freshens Breath by Arterra Pet Science, Plant-Based, Natural Flavor, 4oz</p><p>$19.99 ($5.00 / Ounce)</p><a href="https://www.amazon.com/dp/B0CPQ26CG8?tag=eloabder-20&linkCode=osi&th=1&psc=1">View Product</a></div>


<div class="product"><a href="https://www.amazon.com/dp/B0C58GKQR3?tag=eloabder-20&linkCode=osi&th=1&psc=1"><img src="https://m.media-amazon.com/images/I/41ntA-bHrVL._SL500_.jpg" alt="Product Image"></a><p>MySimplePetLab Dog First Aid Kit | First Aid Dog Travel Accessories | Dog Medical Kit | Dog Essentials Mini First Aid for Wounds, Cuts, or Minor Injuries</p><p>$39.99 ($39.99 / Count)</p><a href="https://www.amazon.com/dp/B0C58GKQR3?tag=eloabder-20&linkCode=osi&th=1&psc=1">View Product</a></div>
<div class="product"><a href="https://www.amazon.com/dp/B0CSPNSVXK?tag=eloabder-20&linkCode=osi&th=1&psc=1"><img src="https://m.media-amazon.com/images/I/41HxJh914vL._SL500_.jpg" alt="Product Image"></a><p>Advanced Health Monitoring Pee Pads for Dogs – Color-Changing, Leak-Proof, and Odor-Control | As Seen on Shark Tank | Genius</p><p>$24.99</p><a href="https://www.amazon.com/dp/B0CSPNSVXK?tag=eloabder-20&linkCode=osi&th=1&psc=1">View Product</a></div>








<div class="product"><a href="https://www.amazon.com/dp/B002AI39QW?tag=eloabder-20&linkCode=osi&th=1&psc=1"><img src="https://m.media-amazon.com/images/I/41vafEl3pTL._SL500_.jpg" alt="Product Image"></a><p>Epi-Pet K-9 Care Sunscreen, Paws to Tail Protection, Prevents Sunburns on Dogs and Horses, Sun Protector Spray, SPF 30+, Non-Greasy/Oily Solution – 3.5 oz</p><p>$17.95</p><a href="https://www.amazon.com/dp/B002AI39QW?tag=eloabder-20&linkCode=osi&th=1&psc=1">View Product</a></div><div class="product"><a href="https://www.amazon.com/dp/B08DDJYJJC?tag=eloabder-20&linkCode=osi&th=1&psc=1"><img src="https://m.media-amazon.com/images/I/41AGRXwbz9L._SL500_.jpg" alt="Product Image"></a><p>Bodhi Dog Sunscreen | Large 8oz SPF 30+ Moisturizing Pet Sunscreen | Safe for All Breeds of Dogs, Cats and Horses | Natural Skin Protection and Conditioner for Skin, Coat, Nose, and Ears | USA Made</p><p>$13.99 ($1.75 / Fl Oz)</p><a href="https://www.amazon.com/dp/B08DDJYJJC?tag=eloabder-20&linkCode=osi&th=1&psc=1">View Product</a></div><div class="product"><a href="https://www.amazon.com/dp/B07SB22JNX?tag=eloabder-20&linkCode=osi&th=1&psc=1"><img src="https://m.media-amazon.com/images/I/41LcLbaDSXL._SL500_.jpg" alt="Product Image"></a><p>EBPP Dog Sunscreen Sun Skin Protector Spray 8 oz - Safe for All Breeds with No Zinc Oxide - Pet Protection and Moisturizer for Skin, Coat, Nose, Ears</p><p>$18.95 ($2.37 / Fl Oz)</p><a href="https://www.amazon.com/dp/B07SB22JNX?tag=eloabder-20&linkCode=osi&th=1&psc=1">View Product</a></div><div class="product"><a href="https://www.amazon.com/dp/B08Z1WPGJX?tag=eloabder-20&linkCode=osi&th=1&psc=1"><img src="https://m.media-amazon.com/images/I/41IgTyrpxBL._SL500_.jpg" alt="Product Image"></a><p>Bodhi Dog Sunscreen | Extra Large 16.5 Ounce SPF 30+ Moisturizing Pet Safe for All Breeds of Dogs, Cats and Horses | Skin Protection and Conditioner for Skin, Coat, Nose, and Ears | USA Made</p><p>$16.99</p><a href="https://www.amazon.com/dp/B08Z1WPGJX?tag=eloabder-20&linkCode=osi&th=1&psc=1">View Product</a></div><div class="product"><a href="https://www.amazon.com/dp/B0CSTCW6WL?tag=eloabder-20&linkCode=osi&th=1&psc=1"><img src="https://m.media-amazon.com/images/I/41UbNRTz7zL._SL500_.jpg" alt="Product Image"></a><p>Pet Sunscreen Balm, 60ml, SPF 15, Moisturizing, Eco-Friendly Tin, Non-Toxic Formula for Dogs and Cats</p><p>$14.99 ($0.25 / Gram)</p><a href="https://www.amazon.com/dp/B0CSTCW6WL?tag=eloabder-20&linkCode=osi&th=1&psc=1">View Product</a></div><div class="product"><a href="https://www.amazon.com/dp/B071K355ZQ?tag=eloabder-20&linkCode=osi&th=1&psc=1"><img src="https://m.media-amazon.com/images/I/51UiYOPTELL._SL500_.jpg" alt="Product Image"></a><p>SIT. STAY. FOREVER. SAFETY FIRST PET PRODUCTS Organic Sunscreen & Moisturizer for dogs and cats, 2 oz, All Natural, Waterproof, Red Raspberry Seed, Carrot Seed and Hemp Oils, Made in MAINE</p><p>$15.99 ($8.00 / Ounce)</p><a href="https://www.amazon.com/dp/B071K355ZQ?tag=eloabder-20&linkCode=osi&th=1&psc=1">View Product</a></div><div class="product"><a href="https://www.amazon.com/dp/B008F4OOM8?tag=eloabder-20&linkCode=osi&th=1&psc=1"><img src="https://m.media-amazon.com/images/I/31F67SFV7BL._SL500_.jpg" alt="Product Image"></a><p>Petkin Dog Sunscreen Sunstick – Sunscreen for Dogs and Puppies, SPF 15 – Simply Rub on Anytime for Instant Sun Protection – Vanilla Coconut Scent, .5 oz Net Weight – Ideal for Home or Travel</p><p>$11.97</p><a href="https://www.amazon.com/dp/B008F4OOM8?tag=eloabder-20&linkCode=osi&th=1&psc=1">View Product</a></div><div class="product"><a href="https://www.amazon.com/dp/B079VHFBGB?tag=eloabder-20&linkCode=osi&th=1&psc=1"><img src="https://m.media-amazon.com/images/I/51j8zibHIzL._SL500_.jpg" alt="Product Image"></a><p>Handy Hound SnoutScreen - All-Natural Organic Vet-Recommended Dog Nose balm and Paw Balm with Natural Sunscreen - Made in the USA Protect Your Dog from Harmful UVB/UVC Rays - 2 oz</p><p>$20.99 ($20.99 / Count)</p><a href="https://www.amazon.com/dp/B079VHFBGB?tag=eloabder-20&linkCode=osi&th=1&psc=1">View Product</a></div>
<div class="product"><a href="https://www.amazon.com/dp/B0D3QFMQM2?tag=eloabder-20&linkCode=osi&th=1&psc=1"><img src="https://m.media-amazon.com/images/I/41Xp-SBgePL._SL500_.jpg" alt="Product Image"></a><p>All-in-One Dog Supplement for Wellness and Longevity, 63 Ingredients for Joints, Cognition, Mood, Skin, Gut and Organ Health, Small Breeds, Vet-Formulated, Made in USA, Senior Formula for 8+ Years</p><p>$59.99 ($6.18 / Ounce)</p><a href="https://www.amazon.com/dp/B0D3QFMQM2?tag=eloabder-20&linkCode=osi&th=1&psc=1">View Product</a></div><div class="product"><a href="https://www.amazon.com/dp/B0083H586S?tag=eloabder-20&linkCode=osi&th=1&psc=1"><img src="https://m.media-amazon.com/images/I/41TpGg6ZSIL._SL500_.jpg" alt="Product Image"></a><p>NaturVet – Senior Wellness Hip & Joint Advanced Plus Omegas | Help Support Your Pet’s Healthy Hip & Joint Function | Supports Joints, Cartilage & Connective Tissues | 120 Soft Chews</p><p>$16.99 ($0.14 / Count)</p><a href="https://www.amazon.com/dp/B0083H586S?tag=eloabder-20&linkCode=osi&th=1&psc=1">View Product</a></div><div class="product"><a href="https://www.amazon.com/dp/B07FWPPGWT?tag=eloabder-20&linkCode=osi&th=1&psc=1"><img src="https://m.media-amazon.com/images/I/41+inDo9CwL._SL500_.jpg" alt="Product Image"></a><p>Critical Immune Defense for Dogs & Cats; Supports Normal Cell Growth - Turkey Tail, Reishi, Shiitake and Maitake Mushroom Formula with Patented White Turmeric Root Extract - 30-day Supply</p><p>$65.00 ($10.25 / Ounce)</p><a href="https://www.amazon.com/dp/B07FWPPGWT?tag=eloabder-20&linkCode=osi&th=1&psc=1">View Product</a></div><div class="product"><a href="https://www.amazon.com/dp/B07498ZT6K?tag=eloabder-20&linkCode=osi&th=1&psc=1"><img src="https://m.media-amazon.com/images/I/310kUj+IP1L._SL500_.jpg" alt="Product Image"></a><p>Hemp Well Hemp Thrive Oil for Dogs and Cats – 16 Ounces of Organic Hemp Oil Supplement for Dog and Cat Health, Calming, Joint Support, ImmuneHealth, and Itchy Skin Relief</p><p>$25.90 ($1.62 / Fl Oz)</p><a href="https://www.amazon.com/dp/B07498ZT6K?tag=eloabder-20&linkCode=osi&th=1&psc=1">View Product</a></div><div class="product"><a href="https://www.amazon.com/dp/B09RX31T8Z?tag=eloabder-20&linkCode=osi&th=1&psc=1"><img src="https://m.media-amazon.com/images/I/41Huq-Gip0L._SL500_.jpg" alt="Product Image"></a><p>Turkey Tail Pet Support - Dog Multivitamins and Supplements for Immune Support, Gut Health & Wellness - Grain-Free, Gluten-Free, Vet-Approved Dog Supplement (90ct)</p><p>$23.95 ($0.27 / Count)</p><a href="https://www.amazon.com/dp/B09RX31T8Z?tag=eloabder-20&linkCode=osi&th=1&psc=1">View Product</a></div><div class="product"><a href="https://www.amazon.com/dp/B09FR3KFYP?tag=eloabder-20&linkCode=osi&th=1&psc=1"><img src="https://m.media-amazon.com/images/I/51v0CdmWq5L._SL500_.jpg" alt="Product Image"></a><p>Well Loved Glucosamine for Dogs - Joint Supplement for Dogs, Made in USA, Vet Developed, Dog Joint Supplement, Glucosamine Chondroitin for Dogs, Advanced Hip and Joint Chews with MSM, Pain Relief, 120</p><p>$23.99 ($0.20 / Count)</p><a href="https://www.amazon.com/dp/B09FR3KFYP?tag=eloabder-20&linkCode=osi&th=1&psc=1">View Product</a></div><div class="product"><a href="https://www.amazon.com/dp/B09H3RBXKS?tag=eloabder-20&linkCode=osi&th=1&psc=1"><img src="https://m.media-amazon.com/images/I/51Zm0SMzn3L._SL500_.jpg" alt="Product Image"></a><p>Well Loved Probiotics for Dogs, Dog Probiotics and Digestive Enzymes, Made in USA, Vet Developed, Dog Probiotic Chews with Prebiotics, Diarrhea Treatment, for Itchy Skin, Gut Health & Gas Relief</p><p>$27.99 ($0.23 / Count)</p><a href="https://www.amazon.com/dp/B09H3RBXKS?tag=eloabder-20&linkCode=osi&th=1&psc=1">View Product</a></div>
<div class="product"><a href="https://www.amazon.com/dp/B09GJJLDWR?tag=eloabder-20&linkCode=osi&th=1&psc=1"><img src="https://m.media-amazon.com/images/I/51dYorxBpSL._SL500_.jpg" alt="Product Image"></a><p>Purina Beggin' Strips Dog Treats, Original With Bacon Flavor - (Pack of 2) 26 oz. Pouches</p><p>$21.19 ($6.52 / lb)</p><a href="https://www.amazon.com/dp/B09GJJLDWR?tag=eloabder-20&linkCode=osi&th=1&psc=1">View Product</a></div>


<div class="product"><a href="https://www.amazon.com/dp/B0009YWKUA?tag=eloabder-20&linkCode=osi&th=1&psc=1"><img src="https://m.media-amazon.com/images/I/41DzZ0HgS7L._SL500_.jpg" alt="Product Image"></a><p>Blue Buffalo Life Protection Formula Adult Dry Dog Food, Helps Build and Maintain Strong Muscles, Made with Natural Ingredients, Chicken & Brown Rice Recipe, 30-lb. Bag</p><p>$64.98 ($2.17 / lb)</p><a href="https://www.amazon.com/dp/B0009YWKUA?tag=eloabder-20&linkCode=osi&th=1&psc=1">View Product</a></div><div class="product"><a href="https://www.amazon.com/dp/B009IOCCD2?tag=eloabder-20&linkCode=osi&th=1&psc=1"><img src="https://m.media-amazon.com/images/I/41kN4rGGnEL._SL500_.jpg" alt="Product Image"></a><p>Purina ONE Dry Dog Food Lamb and Rice Formula - 31.1 lb. Bag</p><p>$48.98 ($1.57 / lb)</p><a href="https://www.amazon.com/dp/B009IOCCD2?tag=eloabder-20&linkCode=osi&th=1&psc=1">View Product</a></div><div class="product"><a href="https://www.amazon.com/dp/B00BD741WM?tag=eloabder-20&linkCode=osi&th=1&psc=1"><img src="https://m.media-amazon.com/images/I/51DjFJxGuzL._SL500_.jpg" alt="Product Image"></a><p>IAMS Adult Minichunks Small Kibble High Protein Dry Dog Food with Real Chicken, 30 lb. Bag,(Packaging may vary)</p><p>$46.98 ($1.57 / lb)</p><a href="https://www.amazon.com/dp/B00BD741WM?tag=eloabder-20&linkCode=osi&th=1&psc=1">View Product</a></div><div class="product"><a href="https://www.amazon.com/dp/B07KZCGXPS?tag=eloabder-20&linkCode=osi&th=1&psc=1"><img src="https://m.media-amazon.com/images/I/41f7ma8WlmL._SL500_.jpg" alt="Product Image"></a><p>Purina ONE True Instinct Tender Cuts in Gravy With Real Turkey and Venison, and With Real Chicken and Duck High Protein Wet Dog Food Variety Pack - (Pack of 12) 13 oz. Cans</p><p>$28.09 ($2.88 / lb)</p><a href="https://www.amazon.com/dp/B07KZCGXPS?tag=eloabder-20&linkCode=osi&th=1&psc=1">View Product</a></div><div class="product"><a href="https://www.amazon.com/dp/B00M0FHCN6?tag=eloabder-20&linkCode=osi&th=1&psc=1"><img src="https://m.media-amazon.com/images/I/51wLSFGMhDL._SL500_.jpg" alt="Product Image"></a><p>CESAR Adult Wet Dog Food Classic Loaf in Sauce Poultry Variety Pack,. Easy Peel Trays with Real Chicken, Turkey or Duck, 3.5 Ounce (Pack of 24)</p><p>$24.98 ($4.76 / lb)</p><a href="https://www.amazon.com/dp/B00M0FHCN6?tag=eloabder-20&linkCode=osi&th=1&psc=1">View Product</a></div>
<div class="product"><a href="https://www.amazon.com/dp/B08P2D95G8?tag=eloabder-20&linkCode=osi&th=1&psc=1"><img src="https://m.media-amazon.com/images/I/51-0PjesnPL._SL500_.jpg" alt="Product Image"></a><p>Pur Luv Dog Treats, Chicken Jerky for Dogs, Made with 100% Real Chicken Breast, 16 Ounces, Healthy, Easily Digestible, Long-Lasting, High Protein Dog Treat, Satisfies Dog's Urge to Chew</p><p>$11.54 ($0.72 / oz)</p><a href="https://www.amazon.com/dp/B08P2D95G8?tag=eloabder-20&linkCode=osi&th=1&psc=1">View Product</a></div><div class="product"><a href="https://www.amazon.com/dp/B01KZECQRK?tag=eloabder-20&linkCode=osi&th=1&psc=1"><img src="https://m.media-amazon.com/images/I/41mCSdSOW6L._SL500_.jpg" alt="Product Image"></a><p>Pet 'n Shape Chik 'n Hide Twists – Chicken Wrapped Rawhide Natural Dog Treats, Small, 16 oz</p><p>$15.99</p><a href="https://www.amazon.com/dp/B01KZECQRK?tag=eloabder-20&linkCode=osi&th=1&psc=1">View Product</a></div><div class="product"><a href="https://www.amazon.com/dp/B003PMQMK2?tag=eloabder-20&linkCode=osi&th=1&psc=1"><img src="https://m.media-amazon.com/images/I/51rKBA3bcNL._SL500_.jpg" alt="Product Image"></a><p>Milk-Bone MaroSnacks Dog Treats, Beef, 40 Ounce with Real Bone Marrow and Calcium</p><p>$11.48 ($4.59 / lb)</p><a href="https://www.amazon.com/dp/B003PMQMK2?tag=eloabder-20&linkCode=osi&th=1&psc=1">View Product</a></div><div class="product"><a href="https://www.amazon.com/dp/B07BVLGZW6?tag=eloabder-20&linkCode=osi&th=1&psc=1"><img src="https://m.media-amazon.com/images/I/51oBIB2I7HL._SL500_.jpg" alt="Product Image"></a><p>Good'N'Fun P-94130 Triple Flavor Wings Dog Chews, One Size</p><p>$11.65 ($0.97 / oz)</p><a href="https://www.amazon.com/dp/B07BVLGZW6?tag=eloabder-20&linkCode=osi&th=1&psc=1">View Product</a></div><div class="product"><a href="https://www.amazon.com/dp/B003P9XG68?tag=eloabder-20&linkCode=osi&th=1&psc=1"><img src="https://m.media-amazon.com/images/I/41ytS3hkBnL._SL500_.jpg" alt="Product Image"></a><p>Blue Buffalo Health Bars Natural Crunchy Dog Treats Biscuits, Pumpkin & Cinnamon 16-oz Bag</p><p>$4.98 ($0.31 / oz)</p><a href="https://www.amazon.com/dp/B003P9XG68?tag=eloabder-20&linkCode=osi&th=1&psc=1">View Product</a></div><div class="product"><a href="https://www.amazon.com/dp/B0BWBTWXN3?tag=eloabder-20&linkCode=osi&th=1&psc=1"><img src="https://m.media-amazon.com/images/I/31+dzCcvlGL._SL500_.jpg" alt="Product Image"></a><p>Vital Essentials Freeze Dried Raw Single Ingredient Dog Treats, Chicken Hearts, 1.9 oz</p><p>$9.49 ($4.99 / oz)</p><a href="https://www.amazon.com/dp/B0BWBTWXN3?tag=eloabder-20&linkCode=osi&th=1&psc=1">View Product</a></div><div class="product"><a href="https://www.amazon.com/dp/B01C47NRJC?tag=eloabder-20&linkCode=osi&th=1&psc=1"><img src="https://m.media-amazon.com/images/I/51fs1tTjYCL._SL500_.jpg" alt="Product Image"></a><p>Purina Beggin' With Real Meat Dog Treats, Fun Size Original With Bacon Flavor - 25 oz. Pouch</p><p>$11.48 ($7.35 / lb)</p><a href="https://www.amazon.com/dp/B01C47NRJC?tag=eloabder-20&linkCode=osi&th=1&psc=1">View Product</a></div><div class="product"><a href="https://www.amazon.com/dp/B07BVL8TQF?tag=eloabder-20&linkCode=osi&th=1&psc=1"><img src="https://m.media-amazon.com/images/I/41V12A43ClL._SL500_.jpg" alt="Product Image"></a><p>Good'N'Fun Triple Flavored Rawhide Kabobs for Dogs, 1.5 Pound (Pack of 1)</p><p>$17.98 ($11.99 / lb)</p><a href="https://www.amazon.com/dp/B07BVL8TQF?tag=eloabder-20&linkCode=osi&th=1&psc=1">View Product</a></div>
<div class="product"><a href="https://www.amazon.com/dp/B00G5M75UK?tag=eloabder-20&linkCode=osi&th=1&psc=1"><img src="https://m.media-amazon.com/images/I/51eJ6OzgqGL._SL500_.jpg" alt="Product Image"></a><p>Best Pet Supplies 2-in-1 Stuffless Squeaky Dog Toys with Soft, Durable Fabric for Small, Medium, and Large Pets, No Stuffing for Indoor Play, Supports Active Biting and Play - 1Wild Duck, Small</p><p>$4.99</p><a href="https://www.amazon.com/dp/B00G5M75UK?tag=eloabder-20&linkCode=osi&th=1&psc=1">View Product</a></div><div class="product"><a href="https://www.amazon.com/dp/B0BGBHXSWH?tag=eloabder-20&linkCode=osi&th=1&psc=1"><img src="https://m.media-amazon.com/images/I/510SJqCt8qL._SL500_.jpg" alt="Product Image"></a><p>Cowjag Cat Toys, Laser Pointer with 5 Adjustable Patterns, USB Recharge Laser, Long Range and 3 Modes Training Chaser Interactive Toy, Dog Laser Toy</p><p>$9.99</p><a href="https://www.amazon.com/dp/B0BGBHXSWH?tag=eloabder-20&linkCode=osi&th=1&psc=1">View Product</a></div><div class="product"><a href="https://www.amazon.com/dp/B00CPDWT2M?tag=eloabder-20&linkCode=osi&th=1&psc=1"><img src="https://m.media-amazon.com/images/I/318fAcfhAdL._SL500_.jpg" alt="Product Image"></a><p>Benebone Wishbone Durable Dog Chew Toy for Aggressive Chewers, Real Bacon, Made in USA, Medium</p><p>$9.74</p><a href="https://www.amazon.com/dp/B00CPDWT2M?tag=eloabder-20&linkCode=osi&th=1&psc=1">View Product</a></div>



<div class="product"><a href="https://www.amazon.com/dp/B00BUFYFKK?tag=eloabder-20&linkCode=osi&th=1&psc=1"><img src="https://m.media-amazon.com/images/I/51kfe3GnT3L._SL500_.jpg" alt="Product Image"></a><p>Hartz UltraGuard Purple Flea & Tick Collar for Cats and Kittens - 7 Month Protection</p><p>$3.58</p><a href="https://www.amazon.com/dp/B00BUFYFKK?tag=eloabder-20&linkCode=osi&th=1&psc=1">View Product</a></div>


<div class="product"><a href="https://www.amazon.com/dp/B005CUTWDE?tag=eloabder-20&linkCode=osi&th=1&psc=1"><img src="https://m.media-amazon.com/images/I/41j4IEfx6wL._SL500_.jpg" alt="Product Image"></a><p>Wahl USA Dry Skin & Itch Relief Pet Shampoo for Dogs – Oatmeal Formula with Coconut Lime Verbena & Pet Friendly Formula, 24 Oz - Model 820004A</p><p>$8.97</p><a href="https://www.amazon.com/dp/B005CUTWDE?tag=eloabder-20&linkCode=osi&th=1&psc=1">View Product</a></div><div class="product"><a href="https://www.amazon.com/dp/B005CUTW8O?tag=eloabder-20&linkCode=osi&th=1&psc=1"><img src="https://m.media-amazon.com/images/I/415nQL+xAbL._SL500_.jpg" alt="Product Image"></a><p>Wahl USA 4-in-1 Calming Pet Shampoo for Dogs – Cleans, Conditions, Detangles, & Moisturizes with Lavender Chamomile - Pet Friendly Formula - 24 Oz - Model 820000A</p><p>$8.48</p><a href="https://www.amazon.com/dp/B005CUTW8O?tag=eloabder-20&linkCode=osi&th=1&psc=1">View Product</a></div><div class="product"><a href="https://www.amazon.com/dp/B08ZJYBN9Y?tag=eloabder-20&linkCode=osi&th=1&psc=1"><img src="https://m.media-amazon.com/images/I/31KdutxWCzL._SL500_.jpg" alt="Product Image"></a><p>OUAI Fur Bébé Pet Shampoo, Mercer Street Scent - Dog Shampoo and Coat Wash for Hydrating, Cleansing and Adding Shine to Pet Hair - Pet Supplies by OUAI (16 Fl Oz)</p><p>$32.00</p><a href="https://www.amazon.com/dp/B08ZJYBN9Y?tag=eloabder-20&linkCode=osi&th=1&psc=1">View Product</a></div><div class="product"><a href="https://www.amazon.com/dp/B07RVD63J1?tag=eloabder-20&linkCode=osi&th=1&psc=1"><img src="https://m.media-amazon.com/images/I/31f8QK2qe2L._SL500_.jpg" alt="Product Image"></a><p>Arm & Hammer Super Deodorizing Shampoo For Dogs - Odor Eliminating Dog Shampoo For Smelly Dogs & Puppies With Arm & Hammer Baking Soda -- Kiwi Blossom Scent, 20 Fl Oz,White</p><p>$4.98</p><a href="https://www.amazon.com/dp/B07RVD63J1?tag=eloabder-20&linkCode=osi&th=1&psc=1">View Product</a></div><div class="product"><a href="https://www.amazon.com/dp/B079T44C3J?tag=eloabder-20&linkCode=osi&th=1&psc=1"><img src="https://m.media-amazon.com/images/I/41aKOigtAPL._SL500_.jpg" alt="Product Image"></a><p>Wahl USA Dry Skin & Itch Relief Pet Shampoo for Dogs – Oatmeal Formula with Coconut Lime Verbena - 64 Oz - Model 821004-050</p><p>$19.99</p><a href="https://www.amazon.com/dp/B079T44C3J?tag=eloabder-20&linkCode=osi&th=1&psc=1">View Product</a></div><div class="product"><a href="https://www.amazon.com/dp/B0791LY9MW?tag=eloabder-20&linkCode=osi&th=1&psc=1"><img src="https://m.media-amazon.com/images/I/41evpDHPYpL._SL500_.jpg" alt="Product Image"></a><p>Pawfume Dog Shampoo and Conditioner – Hypoallergenic Dog Shampoo for Smelly Dogs – Best Dog Shampoos & Conditioners – Probiotic Pet Shampoo for Dogs – Best Dog Shampoo for Puppies (Show Dog)</p><p>$12.99 ($1.08 / Fl Oz)</p><a href="https://www.amazon.com/dp/B0791LY9MW?tag=eloabder-20&linkCode=osi&th=1&psc=1">View Product</a></div><div class="product"><a href="https://www.amazon.com/dp/B018FGSTT4?tag=eloabder-20&linkCode=osi&th=1&psc=1"><img src="https://m.media-amazon.com/images/I/41879dA1aHL._SL500_.jpg" alt="Product Image"></a><p>Oatmeal Dog Shampoo & Conditioner 17oz [USA] 5 in 1 Plant-Based Organic Sulfate-Free Soap-Free-Tearless Moisturizer for Dandruff Allergies & Itchy Dry Sensitive Skin-Puppy Grooming [Pro Pet Works]</p><p>$16.99</p><a href="https://www.amazon.com/dp/B018FGSTT4?tag=eloabder-20&linkCode=osi&th=1&psc=1">View Product</a></div><div class="product"><a href="https://www.amazon.com/dp/B002GPD8BU?tag=eloabder-20&linkCode=osi&th=1&psc=1"><img src="https://m.media-amazon.com/images/I/41ctLsjd+hL._SL500_.jpg" alt="Product Image"></a><p>TropiClean 2-in-1 Papaya & Coconut Dog Shampoo and Conditioner | Natural Pet Shampoo Derived from Natural Ingredients | Cat Friendly | Made in the USA | 20 oz.</p><p>$14.99</p><a href="https://www.amazon.com/dp/B002GPD8BU?tag=eloabder-20&linkCode=osi&th=1&psc=1">View Product</a></div><div class="product"><a href="https://www.amazon.com/dp/B07K6JSBRB?tag=eloabder-20&linkCode=osi&th=1&psc=1"><img src="https://m.media-amazon.com/images/I/41kU4IxjB1L._SL500_.jpg" alt="Product Image"></a><p>Pet Honesty Chlorhexidine Cat & Dog Anti-itch Shampoo, for Allergies, Itching, Dog Skin and Coat Supplement, Helps Shedding, Hot Spots, Deodorizing Dog Shampoo, Dog Grooming Supplies,16oz</p><p>$20.99</p><a href="https://www.amazon.com/dp/B07K6JSBRB?tag=eloabder-20&linkCode=osi&th=1&psc=1">View Product</a></div>

<div class="product"><a href="https://www.amazon.com/dp/B00MW8G3YU?tag=eloabder-20&linkCode=osi&th=1&psc=1"><img src="https://m.media-amazon.com/images/I/31KsVrUeevL._SL500_.jpg" alt="Product Image"></a><p>Amazon Basics Dog and Puppy Pee Pads with 5-Layer Leak-Proof Design and Quick-Dry Surface for Potty Training, Standard Absorbency, Regular Size, 22 x 22 Inch - Pack of 50, Blue & White</p><p>$11.85 ($0.24 / Count)</p><a href="https://www.amazon.com/dp/B00MW8G3YU?tag=eloabder-20&linkCode=osi&th=1&psc=1">View Product</a></div><div class="product"><a href="https://www.amazon.com/dp/B0CXM4NGZG?tag=eloabder-20&linkCode=osi&th=1&psc=1"><img src="https://m.media-amazon.com/images/I/41bxvVfBFkL._SL500_.jpg" alt="Product Image"></a><p>Dog Ear Cleaner Finger Wipes，Premium Ear Finger Wipes for Dogs Cats 50 Pcs Reduce Earwax Buildup Sooths Deodorizes Relieve Ear Itching Inflammation, Fresh Coconut Scent, Natural Ingredients (100 Pcs)</p><p>$12.34</p><a href="https://www.amazon.com/dp/B0CXM4NGZG?tag=eloabder-20&linkCode=osi&th=1&psc=1">View Product</a></div>













<div class="product"><a href="https://www.amazon.com/dp/B00PQ5UH0C?tag=eloabder-20&linkCode=osi&th=1&psc=1"><img src="https://m.media-amazon.com/images/I/51mFFpJO-aL._SL500_.jpg" alt="Product Image"></a><p>Wobble Wag Giggle Ball, Interactive Dog Toy, Fun Giggle Sounds When Rolled or Shaken, Pets Know Best, As Seen On TV</p><p>$14.99</p><a href="https://www.amazon.com/dp/B00PQ5UH0C?tag=eloabder-20&linkCode=osi&th=1&psc=1">View Product</a></div><div class="product"><a href="https://www.amazon.com/dp/B0054C9B1I?tag=eloabder-20&linkCode=osi&th=1&psc=1"><img src="https://m.media-amazon.com/images/I/51ubAM+J5DL._SL500_.jpg" alt="Product Image"></a><p>Hyper Pet Doggie Tail Interactive Plush Dog Toys (Wiggles, Vibrates, and Barks, Stimulating Play)</p><p>$16.77</p><a href="https://www.amazon.com/dp/B0054C9B1I?tag=eloabder-20&linkCode=osi&th=1&psc=1">View Product</a></div>






<div class="product"><a href="https://www.amazon.com/dp/B00JZHRYFI?tag=eloabder-20&linkCode=osi&th=1&psc=1"><img src="https://m.media-amazon.com/images/I/41xHqz3QFML._SL500_.jpg" alt="Product Image"></a><p>PetSafe Happy Ride Metal Dog Barrier - Adjusts to Fit Your Vehicle - Keeps Pets Off Passenger Seats - Sturdy Construction</p><p>$55.21</p><a href="https://www.amazon.com/dp/B00JZHRYFI?tag=eloabder-20&linkCode=osi&th=1&psc=1">View Product</a></div>

<div class="product"><a href="https://www.amazon.com/dp/B0CVXNKVWC?tag=eloabder-20&linkCode=osi&th=1&psc=1"><img src="https://m.media-amazon.com/images/I/41dsqiNkA+L._SL500_.jpg" alt="Product Image"></a><p>Jazzy Fuzzy Pet Heating Pad, 6 Adjustable Temperature Dog Cat Heating Pad with Timer, Waterproof Heating Pad Indoor for Dogs with Chew Resistant Cord (S:18" x 16")</p><p>$29.66</p><a href="https://www.amazon.com/dp/B0CVXNKVWC?tag=eloabder-20&linkCode=osi&th=1&psc=1">View Product</a></div>
<div class="product"><a href="https://www.amazon.com/dp/B0BPQRR1PN?tag=eloabder-20&linkCode=osi&th=1&psc=1"><img src="https://m.media-amazon.com/images/I/41Ppxz4+IFL._SL500_.jpg" alt="Product Image"></a><p>Newday Dog Toothbrush Set of 8 - Dual Headed, Dental Hygiene Convenient Soft Toothbrush to Clean pet Teeth, Dog Tooth Brushes for Small to Large Dogs, Cats, and Most Pets, Teeth Brush in Bulk</p><p>$6.99 ($0.87 / Count)</p><a href="https://www.amazon.com/dp/B0BPQRR1PN?tag=eloabder-20&linkCode=osi&th=1&psc=1">View Product</a></div><div class="product"><a href="https://www.amazon.com/dp/B0BRMQHYTW?tag=eloabder-20&linkCode=osi&th=1&psc=1"><img src="https://m.media-amazon.com/images/I/41hDIKxNIUL._SL500_.jpg" alt="Product Image"></a><p>HICC PET Teeth Cleaning Wipes for Dogs & Cats, Remove Bad Breath by Removing Plaque and Tartar Buildup No-Rinse Dog Finger Toothbrush, Disposable Gentle Cleaning & Gum Care Pet Wipes, 50 Counts</p><p>$15.99</p><a href="https://www.amazon.com/dp/B0BRMQHYTW?tag=eloabder-20&linkCode=osi&th=1&psc=1">View Product</a></div><div class="product"><a href="https://www.amazon.com/dp/B098PF4NPQ?tag=eloabder-20&linkCode=osi&th=1&psc=1"><img src="https://m.media-amazon.com/images/I/51J4B-P+q5L._SL500_.jpg" alt="Product Image"></a><p>Jasper Dog Toothbrush, 360º Dog Tooth Brushing Kit, Cat Toothbrush, Dog Teeth Cleaning, Dog Finger Toothbrush, Dog Tooth Brush for Small & Large Pets, Dog Toothpaste Not Included - Blue 2-Pack</p><p>$13.99 ($7.00 / Count)</p><a href="https://www.amazon.com/dp/B098PF4NPQ?tag=eloabder-20&linkCode=osi&th=1&psc=1">View Product</a></div><div class="product"><a href="https://www.amazon.com/dp/B08B7238H5?tag=eloabder-20&linkCode=osi&th=1&psc=1"><img src="https://m.media-amazon.com/images/I/41TrsZlWCuL._SL500_.jpg" alt="Product Image"></a><p>Pet Toothbrush for Dogs, Cats with Soft Bristles - Easy Teeth Cleaning & Dental Care, Non Slip Dual Head Dog Toothbrush</p><p>$6.79</p><a href="https://www.amazon.com/dp/B08B7238H5?tag=eloabder-20&linkCode=osi&th=1&psc=1">View Product</a></div><div class="product"><a href="https://www.amazon.com/dp/B0C3M7TD8R?tag=eloabder-20&linkCode=osi&th=1&psc=1"><img src="https://m.media-amazon.com/images/I/51COSpzGOjL._SL500_.jpg" alt="Product Image"></a><p>VIWIK 4Pack Dog Toothbrush Dog Tooth Brushing Kit, Cat Finger Toothbrush for Dogs Small Breed, Medium Large Dogs, Puppy Toothbrush for Dog Teeth Cleaning & Dental Care, Pet Finger Toothbrush Kit</p><p>$6.49 ($1.62 / Count)</p><a href="https://www.amazon.com/dp/B0C3M7TD8R?tag=eloabder-20&linkCode=osi&th=1&psc=1">View Product</a></div><div class="product"><a href="https://www.amazon.com/dp/B00B5RFJB2?tag=eloabder-20&linkCode=osi&th=1&psc=1"><img src="https://m.media-amazon.com/images/I/414Mxf1TTTL._SL500_.jpg" alt="Product Image"></a><p>Arm & Hammer for Pets Tartar Control Kit for Dogs | Contains Toothpaste, Toothbrush & Fingerbrush | Reduces Plaque & Tartar Buildup | Safe for Puppies, 3-Piece , Beef Flavor</p><p>$7.89 ($3.16 / Ounce)</p><a href="https://www.amazon.com/dp/B00B5RFJB2?tag=eloabder-20&linkCode=osi&th=1&psc=1">View Product</a></div><div class="product"><a href="https://www.amazon.com/dp/B0BRXMC97P?tag=eloabder-20&linkCode=osi&th=1&psc=1"><img src="https://m.media-amazon.com/images/I/31EQPPcpx-L._SL500_.jpg" alt="Product Image"></a><p>JAYU PET Dental Care Brush (Soft Bristles) - Toothbrush for Cat and Small Dog with Horizontal Head & Easy Grip Handle (1)</p><p>$9.99</p><a href="https://www.amazon.com/dp/B0BRXMC97P?tag=eloabder-20&linkCode=osi&th=1&psc=1">View Product</a></div><div class="product"><a href="https://www.amazon.com/dp/B09SXPVN5D?tag=eloabder-20&linkCode=osi&th=1&psc=1"><img src="https://m.media-amazon.com/images/I/41VfEMZtHxL._SL500_.jpg" alt="Product Image"></a><p>EASYA Double Headed Pet Dog Toothbrush for Small Dogs/Soft Bristles Puppy Long Handle Tooth Brush Dogs Teeth Cleaning/Bulk Toothbrushes Dental & Oral Care… (MIXED10)</p><p>$4.99 ($4.99 / Count)</p><a href="https://www.amazon.com/dp/B09SXPVN5D?tag=eloabder-20&linkCode=osi&th=1&psc=1">View Product</a></div><div class="product"><a href="https://www.amazon.com/dp/B06XKJNFXX?tag=eloabder-20&linkCode=osi&th=1&psc=1"><img src="https://m.media-amazon.com/images/I/51tetoX-VcL._SL500_.jpg" alt="Product Image"></a><p>Vet's Best Dog Toothbrush & Enzymatic Toothpaste Kit - Teeth Cleaning - Made with Natural Ingredients - Reduces Plaque, Whitens Teeth, Freshens Breath - Bonus Care Guide & Finger Brush Included</p><p>$9.26</p><a href="https://www.amazon.com/dp/B06XKJNFXX?tag=eloabder-20&linkCode=osi&th=1&psc=1">View Product</a></div>
<div class="product"><a href="https://www.amazon.com/dp/B00RZDXA7K?tag=eloabder-20&linkCode=osi&th=1&psc=1"><img src="https://m.media-amazon.com/images/I/41gpC5xESnL._SL500_.jpg" alt="Product Image"></a><p>Virbac CET Enzymatic Toothpaste| Eliminates Bad Breath by Removing Plaque & Tartar Buildup | Best Pet Dental Care Toothpaste | Poultry Flavor, 2.5 oz tube</p><p>$11.52 ($4.61 / Ounce)</p><a href="https://www.amazon.com/dp/B00RZDXA7K?tag=eloabder-20&linkCode=osi&th=1&psc=1">View Product</a></div><div class="product"><a href="https://www.amazon.com/dp/B08QJPJNGY?tag=eloabder-20&linkCode=osi&th=1&psc=1"><img src="https://m.media-amazon.com/images/I/41AHDzkNc5L._SL500_.jpg" alt="Product Image"></a><p>Arm & Hammer Complete Care Enzymatic Dog Toothpaste, 6.2 oz - Dog Toothpaste for Puppies and Adult Dogs, Arm and Hammer Toothpaste for Dogs - Pet Toothpaste, Dog Dental Care and Clean Dog Teeth</p><p>$5.82 ($0.94 / Ounce)</p><a href="https://www.amazon.com/dp/B08QJPJNGY?tag=eloabder-20&linkCode=osi&th=1&psc=1">View Product</a></div><div class="product"><a href="https://www.amazon.com/dp/B0778GHYXP?tag=eloabder-20&linkCode=osi&th=1&psc=1"><img src="https://m.media-amazon.com/images/I/41fl3mRiRtL._SL500_.jpg" alt="Product Image"></a><p>Petsmile Professional Pet Toothpaste - Cat & Dog Teeth Cleaning Supplies - Controls Plaque, Tartar, & Bad Breath - VOHC Accepted Toothpaste - Pet Dental Care Essentials (London Broil, 2.5 Oz)</p><p>$14.99</p><a href="https://www.amazon.com/dp/B0778GHYXP?tag=eloabder-20&linkCode=osi&th=1&psc=1">View Product</a></div><div class="product"><a href="https://www.amazon.com/dp/B0002AQMZU?tag=eloabder-20&linkCode=osi&th=1&psc=1"><img src="https://m.media-amazon.com/images/I/31bv4h2hNOL._SL500_.jpg" alt="Product Image"></a><p>Vet’s Best Enzymatic Dog Toothpaste | Teeth Cleaning and Fresh Breath Dental Care Gel | Vet Formulated | 3.5 Ounces | Grape flavor</p><p>$11.48</p><a href="https://www.amazon.com/dp/B0002AQMZU?tag=eloabder-20&linkCode=osi&th=1&psc=1">View Product</a></div><div class="product"><a href="https://www.amazon.com/dp/B00025K0R6?tag=eloabder-20&linkCode=osi&th=1&psc=1"><img src="https://m.media-amazon.com/images/I/41RMHNoofoL._SL500_.jpg" alt="Product Image"></a><p>Petrodex Toothpaste for Dogs and Puppies, Cleans Teeth and Fights Bad Breath, Reduces Plaque and Tartar Formation, Enzymatic Toothpaste, Poultry Flavor, 6.2oz</p><p>$10.03 ($1.62 / Ounce)</p><a href="https://www.amazon.com/dp/B00025K0R6?tag=eloabder-20&linkCode=osi&th=1&psc=1">View Product</a></div><div class="product"><a href="https://www.amazon.com/dp/B08QJFZCDK?tag=eloabder-20&linkCode=osi&th=1&psc=1"><img src="https://m.media-amazon.com/images/I/41bOWd5qb3L._SL500_.jpg" alt="Product Image"></a><p>Arm & Hammer Complete Care Enzymatic Dog Toothpaste Value Size | 6.2 oz Peanut Butter Flavor Enzymatic Dog Toothpaste for Puppies | Great Tasting Dog Toothpaste with Arm & Hammer Baking Soda</p><p>$6.63 ($1.07 / Ounce)</p><a href="https://www.amazon.com/dp/B08QJFZCDK?tag=eloabder-20&linkCode=osi&th=1&psc=1">View Product</a></div><div class="product"><a href="https://www.amazon.com/dp/B098953TJN?tag=eloabder-20&linkCode=osi&th=1&psc=1"><img src="https://m.media-amazon.com/images/I/31EsN5mPA9S._SL500_.jpg" alt="Product Image"></a><p>Petsmile Professional Pet Tooth Brushing Kit - Cat & Dog Toothbrush & Toothpaste - Control Plaque, Tartar & Bad Breath - VOHC Accepted Toothpaste - Teeth Cleaning Supplies (London Broil, 2.5 Oz)</p><p>$25.00 ($10.00 / Ounce)</p><a href="https://www.amazon.com/dp/B098953TJN?tag=eloabder-20&linkCode=osi&th=1&psc=1">View Product</a></div><div class="product"><a href="https://www.amazon.com/dp/B01KD8725Y?tag=eloabder-20&linkCode=osi&th=1&psc=1"><img src="https://m.media-amazon.com/images/I/411faxe3KUL._SL500_.jpg" alt="Product Image"></a><p>Arm & Hammer for Pets Clinical Care Dental Enzymatic Toothpaste for Dogs | Soothes Inflamed Gums | Safe for Puppies 1 Pack Fresh Breath Vanilla Ginger</p><p>$5.99 ($2.40 / Ounce)</p><a href="https://www.amazon.com/dp/B01KD8725Y?tag=eloabder-20&linkCode=osi&th=1&psc=1">View Product</a></div><div class="product"><a href="https://www.amazon.com/dp/B08QJNMHLZ?tag=eloabder-20&linkCode=osi&th=1&psc=1"><img src="https://m.media-amazon.com/images/I/41HvsSGBm5L._SL500_.jpg" alt="Product Image"></a><p>Arm & Hammer Complete Care Dog Dental Kit | 2.5 oz Chicken Flavor Enzymatic Dog Toothpaste, Toothbrush, & Finger Brush | Baking Soda Enhanced Formula for Fresh Breath and Tartar Control</p><p>$5.82 ($2.33 / Ounce)</p><a href="https://www.amazon.com/dp/B08QJNMHLZ?tag=eloabder-20&linkCode=osi&th=1&psc=1">View Product</a></div><div class="product"><a href="https://www.amazon.com/dp/B0CPQ26CG8?tag=eloabder-20&linkCode=osi&th=1&psc=1"><img src="https://m.media-amazon.com/images/I/31gKo9WixRL._SL500_.jpg" alt="Product Image"></a><p>Remineralizing Dog Toothpaste – Vet-Grade, with Nano-Hydroxyapatite, Reverses Early-Stage Decay, Cleans Teeth, Removes Tartar, Freshens Breath by Arterra Pet Science, Plant-Based, Natural Flavor, 4oz</p><p>$19.99 ($5.00 / Ounce)</p><a href="https://www.amazon.com/dp/B0CPQ26CG8?tag=eloabder-20&linkCode=osi&th=1&psc=1">View Product</a></div>


<div class="product"><a href="https://www.amazon.com/dp/B0C58GKQR3?tag=eloabder-20&linkCode=osi&th=1&psc=1"><img src="https://m.media-amazon.com/images/I/41ntA-bHrVL._SL500_.jpg" alt="Product Image"></a><p>MySimplePetLab Dog First Aid Kit | First Aid Dog Travel Accessories | Dog Medical Kit | Dog Essentials Mini First Aid for Wounds, Cuts, or Minor Injuries</p><p>$39.99 ($39.99 / Count)</p><a href="https://www.amazon.com/dp/B0C58GKQR3?tag=eloabder-20&linkCode=osi&th=1&psc=1">View Product</a></div>
<div class="product"><a href="https://www.amazon.com/dp/B0CSPNSVXK?tag=eloabder-20&linkCode=osi&th=1&psc=1"><img src="https://m.media-amazon.com/images/I/41HxJh914vL._SL500_.jpg" alt="Product Image"></a><p>Advanced Health Monitoring Pee Pads for Dogs – Color-Changing, Leak-Proof, and Odor-Control | As Seen on Shark Tank | Genius</p><p>$24.99</p><a href="https://www.amazon.com/dp/B0CSPNSVXK?tag=eloabder-20&linkCode=osi&th=1&psc=1">View Product</a></div>








<div class="product"><a href="https://www.amazon.com/dp/B002AI39QW?tag=eloabder-20&linkCode=osi&th=1&psc=1"><img src="https://m.media-amazon.com/images/I/41vafEl3pTL._SL500_.jpg" alt="Product Image"></a><p>Epi-Pet K-9 Care Sunscreen, Paws to Tail Protection, Prevents Sunburns on Dogs and Horses, Sun Protector Spray, SPF 30+, Non-Greasy/Oily Solution – 3.5 oz</p><p>$17.95</p><a href="https://www.amazon.com/dp/B002AI39QW?tag=eloabder-20&linkCode=osi&th=1&psc=1">View Product</a></div><div class="product"><a href="https://www.amazon.com/dp/B08DDJYJJC?tag=eloabder-20&linkCode=osi&th=1&psc=1"><img src="https://m.media-amazon.com/images/I/41AGRXwbz9L._SL500_.jpg" alt="Product Image"></a><p>Bodhi Dog Sunscreen | Large 8oz SPF 30+ Moisturizing Pet Sunscreen | Safe for All Breeds of Dogs, Cats and Horses | Natural Skin Protection and Conditioner for Skin, Coat, Nose, and Ears | USA Made</p><p>$13.99 ($1.75 / Fl Oz)</p><a href="https://www.amazon.com/dp/B08DDJYJJC?tag=eloabder-20&linkCode=osi&th=1&psc=1">View Product</a></div><div class="product"><a href="https://www.amazon.com/dp/B07SB22JNX?tag=eloabder-20&linkCode=osi&th=1&psc=1"><img src="https://m.media-amazon.com/images/I/41LcLbaDSXL._SL500_.jpg" alt="Product Image"></a><p>EBPP Dog Sunscreen Sun Skin Protector Spray 8 oz - Safe for All Breeds with No Zinc Oxide - Pet Protection and Moisturizer for Skin, Coat, Nose, Ears</p><p>$18.95 ($2.37 / Fl Oz)</p><a href="https://www.amazon.com/dp/B07SB22JNX?tag=eloabder-20&linkCode=osi&th=1&psc=1">View Product</a></div><div class="product"><a href="https://www.amazon.com/dp/B08Z1WPGJX?tag=eloabder-20&linkCode=osi&th=1&psc=1"><img src="https://m.media-amazon.com/images/I/41IgTyrpxBL._SL500_.jpg" alt="Product Image"></a><p>Bodhi Dog Sunscreen | Extra Large 16.5 Ounce SPF 30+ Moisturizing Pet Safe for All Breeds of Dogs, Cats and Horses | Skin Protection and Conditioner for Skin, Coat, Nose, and Ears | USA Made</p><p>$16.99</p><a href="https://www.amazon.com/dp/B08Z1WPGJX?tag=eloabder-20&linkCode=osi&th=1&psc=1">View Product</a></div><div class="product"><a href="https://www.amazon.com/dp/B0CSTCW6WL?tag=eloabder-20&linkCode=osi&th=1&psc=1"><img src="https://m.media-amazon.com/images/I/41UbNRTz7zL._SL500_.jpg" alt="Product Image"></a><p>Pet Sunscreen Balm, 60ml, SPF 15, Moisturizing, Eco-Friendly Tin, Non-Toxic Formula for Dogs and Cats</p><p>$14.99 ($0.25 / Gram)</p><a href="https://www.amazon.com/dp/B0CSTCW6WL?tag=eloabder-20&linkCode=osi&th=1&psc=1">View Product</a></div><div class="product"><a href="https://www.amazon.com/dp/B071K355ZQ?tag=eloabder-20&linkCode=osi&th=1&psc=1"><img src="https://m.media-amazon.com/images/I/51UiYOPTELL._SL500_.jpg" alt="Product Image"></a><p>SIT. STAY. FOREVER. SAFETY FIRST PET PRODUCTS Organic Sunscreen & Moisturizer for dogs and cats, 2 oz, All Natural, Waterproof, Red Raspberry Seed, Carrot Seed and Hemp Oils, Made in MAINE</p><p>$15.99 ($8.00 / Ounce)</p><a href="https://www.amazon.com/dp/B071K355ZQ?tag=eloabder-20&linkCode=osi&th=1&psc=1">View Product</a></div><div class="product"><a href="https://www.amazon.com/dp/B008F4OOM8?tag=eloabder-20&linkCode=osi&th=1&psc=1"><img src="https://m.media-amazon.com/images/I/31F67SFV7BL._SL500_.jpg" alt="Product Image"></a><p>Petkin Dog Sunscreen Sunstick – Sunscreen for Dogs and Puppies, SPF 15 – Simply Rub on Anytime for Instant Sun Protection – Vanilla Coconut Scent, .5 oz Net Weight – Ideal for Home or Travel</p><p>$11.97</p><a href="https://www.amazon.com/dp/B008F4OOM8?tag=eloabder-20&linkCode=osi&th=1&psc=1">View Product</a></div><div class="product"><a href="https://www.amazon.com/dp/B079VHFBGB?tag=eloabder-20&linkCode=osi&th=1&psc=1"><img src="https://m.media-amazon.com/images/I/51j8zibHIzL._SL500_.jpg" alt="Product Image"></a><p>Handy Hound SnoutScreen - All-Natural Organic Vet-Recommended Dog Nose balm and Paw Balm with Natural Sunscreen - Made in the USA Protect Your Dog from Harmful UVB/UVC Rays - 2 oz</p><p>$20.99 ($20.99 / Count)</p><a href="https://www.amazon.com/dp/B079VHFBGB?tag=eloabder-20&linkCode=osi&th=1&psc=1">View Product</a></div>
<div class="product"><a href="https://www.amazon.com/dp/B0D3QFMQM2?tag=eloabder-20&linkCode=osi&th=1&psc=1"><img src="https://m.media-amazon.com/images/I/41Xp-SBgePL._SL500_.jpg" alt="Product Image"></a><p>All-in-One Dog Supplement for Wellness and Longevity, 63 Ingredients for Joints, Cognition, Mood, Skin, Gut and Organ Health, Small Breeds, Vet-Formulated, Made in USA, Senior Formula for 8+ Years</p><p>$59.99 ($6.18 / Ounce)</p><a href="https://www.amazon.com/dp/B0D3QFMQM2?tag=eloabder-20&linkCode=osi&th=1&psc=1">View Product</a></div><div class="product"><a href="https://www.amazon.com/dp/B0083H586S?tag=eloabder-20&linkCode=osi&th=1&psc=1"><img src="https://m.media-amazon.com/images/I/41TpGg6ZSIL._SL500_.jpg" alt="Product Image"></a><p>NaturVet – Senior Wellness Hip & Joint Advanced Plus Omegas | Help Support Your Pet’s Healthy Hip & Joint Function | Supports Joints, Cartilage & Connective Tissues | 120 Soft Chews</p><p>$16.99 ($0.14 / Count)</p><a href="https://www.amazon.com/dp/B0083H586S?tag=eloabder-20&linkCode=osi&th=1&psc=1">View Product</a></div><div class="product"><a href="https://www.amazon.com/dp/B07FWPPGWT?tag=eloabder-20&linkCode=osi&th=1&psc=1"><img src="https://m.media-amazon.com/images/I/41+inDo9CwL._SL500_.jpg" alt="Product Image"></a><p>Critical Immune Defense for Dogs & Cats; Supports Normal Cell Growth - Turkey Tail, Reishi, Shiitake and Maitake Mushroom Formula with Patented White Turmeric Root Extract - 30-day Supply</p><p>$65.00 ($10.25 / Ounce)</p><a href="https://www.amazon.com/dp/B07FWPPGWT?tag=eloabder-20&linkCode=osi&th=1&psc=1">View Product</a></div><div class="product"><a href="https://www.amazon.com/dp/B07498ZT6K?tag=eloabder-20&linkCode=osi&th=1&psc=1"><img src="https://m.media-amazon.com/images/I/310kUj+IP1L._SL500_.jpg" alt="Product Image"></a><p>Hemp Well Hemp Thrive Oil for Dogs and Cats – 16 Ounces of Organic Hemp Oil Supplement for Dog and Cat Health, Calming, Joint Support, ImmuneHealth, and Itchy Skin Relief</p><p>$25.90 ($1.62 / Fl Oz)</p><a href="https://www.amazon.com/dp/B07498ZT6K?tag=eloabder-20&linkCode=osi&th=1&psc=1">View Product</a></div><div class="product"><a href="https://www.amazon.com/dp/B09RX31T8Z?tag=eloabder-20&linkCode=osi&th=1&psc=1"><img src="https://m.media-amazon.com/images/I/41Huq-Gip0L._SL500_.jpg" alt="Product Image"></a><p>Turkey Tail Pet Support - Dog Multivitamins and Supplements for Immune Support, Gut Health & Wellness - Grain-Free, Gluten-Free, Vet-Approved Dog Supplement (90ct)</p><p>$23.95 ($0.27 / Count)</p><a href="https://www.amazon.com/dp/B09RX31T8Z?tag=eloabder-20&linkCode=osi&th=1&psc=1">View Product</a></div><div class="product"><a href="https://www.amazon.com/dp/B09FR3KFYP?tag=eloabder-20&linkCode=osi&th=1&psc=1"><img src="https://m.media-amazon.com/images/I/51v0CdmWq5L._SL500_.jpg" alt="Product Image"></a><p>Well Loved Glucosamine for Dogs - Joint Supplement for Dogs, Made in USA, Vet Developed, Dog Joint Supplement, Glucosamine Chondroitin for Dogs, Advanced Hip and Joint Chews with MSM, Pain Relief, 120</p><p>$23.99 ($0.20 / Count)</p><a href="https://www.amazon.com/dp/B09FR3KFYP?tag=eloabder-20&linkCode=osi&th=1&psc=1">View Product</a></div><div class="product"><a href="https://www.amazon.com/dp/B09H3RBXKS?tag=eloabder-20&linkCode=osi&th=1&psc=1"><img src="https://m.media-amazon.com/images/I/51Zm0SMzn3L._SL500_.jpg" alt="Product Image"></a><p>Well Loved Probiotics for Dogs, Dog Probiotics and Digestive Enzymes, Made in USA, Vet Developed, Dog Probiotic Chews with Prebiotics, Diarrhea Treatment, for Itchy Skin, Gut Health & Gas Relief</p><p>$27.99 ($0.23 / Count)</p><a href="https://www.amazon.com/dp/B09H3RBXKS?tag=eloabder-20&linkCode=osi&th=1&psc=1">View Product</a></div>
<div class="product"><a href="https://www.amazon.com/dp/B09GJJLDWR?tag=eloabder-20&linkCode=osi&th=1&psc=1"><img src="https://m.media-amazon.com/images/I/51dYorxBpSL._SL500_.jpg" alt="Product Image"></a><p>Purina Beggin' Strips Dog Treats, Original With Bacon Flavor - (Pack of 2) 26 oz. Pouches</p><p>$21.19 ($6.52 / lb)</p><a href="https://www.amazon.com/dp/B09GJJLDWR?tag=eloabder-20&linkCode=osi&th=1&psc=1">View Product</a></div>


<div class="product"><a href="https://www.amazon.com/dp/B0009YWKUA?tag=eloabder-20&linkCode=osi&th=1&psc=1"><img src="https://m.media-amazon.com/images/I/41DzZ0HgS7L._SL500_.jpg" alt="Product Image"></a><p>Blue Buffalo Life Protection Formula Adult Dry Dog Food, Helps Build and Maintain Strong Muscles, Made with Natural Ingredients, Chicken & Brown Rice Recipe, 30-lb. Bag</p><p>$64.98 ($2.17 / lb)</p><a href="https://www.amazon.com/dp/B0009YWKUA?tag=eloabder-20&linkCode=osi&th=1&psc=1">View Product</a></div><div class="product"><a href="https://www.amazon.com/dp/B009IOCCD2?tag=eloabder-20&linkCode=osi&th=1&psc=1"><img src="https://m.media-amazon.com/images/I/41kN4rGGnEL._SL500_.jpg" alt="Product Image"></a><p>Purina ONE Dry Dog Food Lamb and Rice Formula - 31.1 lb. Bag</p><p>$48.98 ($1.57 / lb)</p><a href="https://www.amazon.com/dp/B009IOCCD2?tag=eloabder-20&linkCode=osi&th=1&psc=1">View Product</a></div><div class="product"><a href="https://www.amazon.com/dp/B00BD741WM?tag=eloabder-20&linkCode=osi&th=1&psc=1"><img src="https://m.media-amazon.com/images/I/51DjFJxGuzL._SL500_.jpg" alt="Product Image"></a><p>IAMS Adult Minichunks Small Kibble High Protein Dry Dog Food with Real Chicken, 30 lb. Bag,(Packaging may vary)</p><p>$46.98 ($1.57 / lb)</p><a href="https://www.amazon.com/dp/B00BD741WM?tag=eloabder-20&linkCode=osi&th=1&psc=1">View Product</a></div><div class="product"><a href="https://www.amazon.com/dp/B07KZCGXPS?tag=eloabder-20&linkCode=osi&th=1&psc=1"><img src="https://m.media-amazon.com/images/I/41f7ma8WlmL._SL500_.jpg" alt="Product Image"></a><p>Purina ONE True Instinct Tender Cuts in Gravy With Real Turkey and Venison, and With Real Chicken and Duck High Protein Wet Dog Food Variety Pack - (Pack of 12) 13 oz. Cans</p><p>$28.09 ($2.88 / lb)</p><a href="https://www.amazon.com/dp/B07KZCGXPS?tag=eloabder-20&linkCode=osi&th=1&psc=1">View Product</a></div><div class="product"><a href="https://www.amazon.com/dp/B00M0FHCN6?tag=eloabder-20&linkCode=osi&th=1&psc=1"><img src="https://m.media-amazon.com/images/I/51wLSFGMhDL._SL500_.jpg" alt="Product Image"></a><p>CESAR Adult Wet Dog Food Classic Loaf in Sauce Poultry Variety Pack,. Easy Peel Trays with Real Chicken, Turkey or Duck, 3.5 Ounce (Pack of 24)</p><p>$24.98 ($4.76 / lb)</p><a href="https://www.amazon.com/dp/B00M0FHCN6?tag=eloabder-20&linkCode=osi&th=1&psc=1">View Product</a></div>
<div class="product"><a href="https://www.amazon.com/dp/B08P2D95G8?tag=eloabder-20&linkCode=osi&th=1&psc=1"><img src="https://m.media-amazon.com/images/I/51-0PjesnPL._SL500_.jpg" alt="Product Image"></a><p>Pur Luv Dog Treats, Chicken Jerky for Dogs, Made with 100% Real Chicken Breast, 16 Ounces, Healthy, Easily Digestible, Long-Lasting, High Protein Dog Treat, Satisfies Dog's Urge to Chew</p><p>$11.54 ($0.72 / oz)</p><a href="https://www.amazon.com/dp/B08P2D95G8?tag=eloabder-20&linkCode=osi&th=1&psc=1">View Product</a></div><div class="product"><a href="https://www.amazon.com/dp/B01KZECQRK?tag=eloabder-20&linkCode=osi&th=1&psc=1"><img src="https://m.media-amazon.com/images/I/41mCSdSOW6L._SL500_.jpg" alt="Product Image"></a><p>Pet 'n Shape Chik 'n Hide Twists – Chicken Wrapped Rawhide Natural Dog Treats, Small, 16 oz</p><p>$15.99</p><a href="https://www.amazon.com/dp/B01KZECQRK?tag=eloabder-20&linkCode=osi&th=1&psc=1">View Product</a></div><div class="product"><a href="https://www.amazon.com/dp/B003PMQMK2?tag=eloabder-20&linkCode=osi&th=1&psc=1"><img src="https://m.media-amazon.com/images/I/51rKBA3bcNL._SL500_.jpg" alt="Product Image"></a><p>Milk-Bone MaroSnacks Dog Treats, Beef, 40 Ounce with Real Bone Marrow and Calcium</p><p>$11.48 ($4.59 / lb)</p><a href="https://www.amazon.com/dp/B003PMQMK2?tag=eloabder-20&linkCode=osi&th=1&psc=1">View Product</a></div><div class="product"><a href="https://www.amazon.com/dp/B07BVLGZW6?tag=eloabder-20&linkCode=osi&th=1&psc=1"><img src="https://m.media-amazon.com/images/I/51oBIB2I7HL._SL500_.jpg" alt="Product Image"></a><p>Good'N'Fun P-94130 Triple Flavor Wings Dog Chews, One Size</p><p>$11.65 ($0.97 / oz)</p><a href="https://www.amazon.com/dp/B07BVLGZW6?tag=eloabder-20&linkCode=osi&th=1&psc=1">View Product</a></div><div class="product"><a href="https://www.amazon.com/dp/B003P9XG68?tag=eloabder-20&linkCode=osi&th=1&psc=1"><img src="https://m.media-amazon.com/images/I/41ytS3hkBnL._SL500_.jpg" alt="Product Image"></a><p>Blue Buffalo Health Bars Natural Crunchy Dog Treats Biscuits, Pumpkin & Cinnamon 16-oz Bag</p><p>$4.98 ($0.31 / oz)</p><a href="https://www.amazon.com/dp/B003P9XG68?tag=eloabder-20&linkCode=osi&th=1&psc=1">View Product</a></div><div class="product"><a href="https://www.amazon.com/dp/B0BWBTWXN3?tag=eloabder-20&linkCode=osi&th=1&psc=1"><img src="https://m.media-amazon.com/images/I/31+dzCcvlGL._SL500_.jpg" alt="Product Image"></a><p>Vital Essentials Freeze Dried Raw Single Ingredient Dog Treats, Chicken Hearts, 1.9 oz</p><p>$9.49 ($4.99 / oz)</p><a href="https://www.amazon.com/dp/B0BWBTWXN3?tag=eloabder-20&linkCode=osi&th=1&psc=1">View Product</a></div><div class="product"><a href="https://www.amazon.com/dp/B01C47NRJC?tag=eloabder-20&linkCode=osi&th=1&psc=1"><img src="https://m.media-amazon.com/images/I/51fs1tTjYCL._SL500_.jpg" alt="Product Image"></a><p>Purina Beggin' With Real Meat Dog Treats, Fun Size Original With Bacon Flavor - 25 oz. Pouch</p><p>$11.48 ($7.35 / lb)</p><a href="https://www.amazon.com/dp/B01C47NRJC?tag=eloabder-20&linkCode=osi&th=1&psc=1">View Product</a></div><div class="product"><a href="https://www.amazon.com/dp/B07BVL8TQF?tag=eloabder-20&linkCode=osi&th=1&psc=1"><img src="https://m.media-amazon.com/images/I/41V12A43ClL._SL500_.jpg" alt="Product Image"></a><p>Good'N'Fun Triple Flavored Rawhide Kabobs for Dogs, 1.5 Pound (Pack of 1)</p><p>$17.98 ($11.99 / lb)</p><a href="https://www.amazon.com/dp/B07BVL8TQF?tag=eloabder-20&linkCode=osi&th=1&psc=1">View Product</a></div>
<div class="product"><a href="https://www.amazon.com/dp/B00G5M75UK?tag=eloabder-20&linkCode=osi&th=1&psc=1"><img src="https://m.media-amazon.com/images/I/51eJ6OzgqGL._SL500_.jpg" alt="Product Image"></a><p>Best Pet Supplies 2-in-1 Stuffless Squeaky Dog Toys with Soft, Durable Fabric for Small, Medium, and Large Pets, No Stuffing for Indoor Play, Supports Active Biting and Play - 1Wild Duck, Small</p><p>$4.99</p><a href="https://www.amazon.com/dp/B00G5M75UK?tag=eloabder-20&linkCode=osi&th=1&psc=1">View Product</a></div><div class="product"><a href="https://www.amazon.com/dp/B0BGBHXSWH?tag=eloabder-20&linkCode=osi&th=1&psc=1"><img src="https://m.media-amazon.com/images/I/510SJqCt8qL._SL500_.jpg" alt="Product Image"></a><p>Cowjag Cat Toys, Laser Pointer with 5 Adjustable Patterns, USB Recharge Laser, Long Range and 3 Modes Training Chaser Interactive Toy, Dog Laser Toy</p><p>$9.99</p><a href="https://www.amazon.com/dp/B0BGBHXSWH?tag=eloabder-20&linkCode=osi&th=1&psc=1">View Product</a></div><div class="product"><a href="https://www.amazon.com/dp/B00CPDWT2M?tag=eloabder-20&linkCode=osi&th=1&psc=1"><img src="https://m.media-amazon.com/images/I/318fAcfhAdL._SL500_.jpg" alt="Product Image"></a><p>Benebone Wishbone Durable Dog Chew Toy for Aggressive Chewers, Real Bacon, Made in USA, Medium</p><p>$9.74</p><a href="https://www.amazon.com/dp/B00CPDWT2M?tag=eloabder-20&linkCode=osi&th=1&psc=1">View Product</a></div>



<div class="product"><a href="https://www.amazon.com/dp/B00BUFYFKK?tag=eloabder-20&linkCode=osi&th=1&psc=1"><img src="https://m.media-amazon.com/images/I/51kfe3GnT3L._SL500_.jpg" alt="Product Image"></a><p>Hartz UltraGuard Purple Flea & Tick Collar for Cats and Kittens - 7 Month Protection</p><p>$3.58</p><a href="https://www.amazon.com/dp/B00BUFYFKK?tag=eloabder-20&linkCode=osi&th=1&psc=1">View Product</a></div>


<div class="product"><a href="https://www.amazon.com/dp/B005CUTWDE?tag=eloabder-20&linkCode=osi&th=1&psc=1"><img src="https://m.media-amazon.com/images/I/41j4IEfx6wL._SL500_.jpg" alt="Product Image"></a><p>Wahl USA Dry Skin & Itch Relief Pet Shampoo for Dogs – Oatmeal Formula with Coconut Lime Verbena & Pet Friendly Formula, 24 Oz - Model 820004A</p><p>$8.97</p><a href="https://www.amazon.com/dp/B005CUTWDE?tag=eloabder-20&linkCode=osi&th=1&psc=1">View Product</a></div><div class="product"><a href="https://www.amazon.com/dp/B005CUTW8O?tag=eloabder-20&linkCode=osi&th=1&psc=1"><img src="https://m.media-amazon.com/images/I/415nQL+xAbL._SL500_.jpg" alt="Product Image"></a><p>Wahl USA 4-in-1 Calming Pet Shampoo for Dogs – Cleans, Conditions, Detangles, & Moisturizes with Lavender Chamomile - Pet Friendly Formula - 24 Oz - Model 820000A</p><p>$8.48</p><a href="https://www.amazon.com/dp/B005CUTW8O?tag=eloabder-20&linkCode=osi&th=1&psc=1">View Product</a></div><div class="product"><a href="https://www.amazon.com/dp/B08ZJYBN9Y?tag=eloabder-20&linkCode=osi&th=1&psc=1"><img src="https://m.media-amazon.com/images/I/31KdutxWCzL._SL500_.jpg" alt="Product Image"></a><p>OUAI Fur Bébé Pet Shampoo, Mercer Street Scent - Dog Shampoo and Coat Wash for Hydrating, Cleansing and Adding Shine to Pet Hair - Pet Supplies by OUAI (16 Fl Oz)</p><p>$32.00</p><a href="https://www.amazon.com/dp/B08ZJYBN9Y?tag=eloabder-20&linkCode=osi&th=1&psc=1">View Product</a></div><div class="product"><a href="https://www.amazon.com/dp/B07RVD63J1?tag=eloabder-20&linkCode=osi&th=1&psc=1"><img src="https://m.media-amazon.com/images/I/31f8QK2qe2L._SL500_.jpg" alt="Product Image"></a><p>Arm & Hammer Super Deodorizing Shampoo For Dogs - Odor Eliminating Dog Shampoo For Smelly Dogs & Puppies With Arm & Hammer Baking Soda -- Kiwi Blossom Scent, 20 Fl Oz,White</p><p>$4.98</p><a href="https://www.amazon.com/dp/B07RVD63J1?tag=eloabder-20&linkCode=osi&th=1&psc=1">View Product</a></div><div class="product"><a href="https://www.amazon.com/dp/B079T44C3J?tag=eloabder-20&linkCode=osi&th=1&psc=1"><img src="https://m.media-amazon.com/images/I/41aKOigtAPL._SL500_.jpg" alt="Product Image"></a><p>Wahl USA Dry Skin & Itch Relief Pet Shampoo for Dogs – Oatmeal Formula with Coconut Lime Verbena - 64 Oz - Model 821004-050</p><p>$19.99</p><a href="https://www.amazon.com/dp/B079T44C3J?tag=eloabder-20&linkCode=osi&th=1&psc=1">View Product</a></div><div class="product"><a href="https://www.amazon.com/dp/B0791LY9MW?tag=eloabder-20&linkCode=osi&th=1&psc=1"><img src="https://m.media-amazon.com/images/I/41evpDHPYpL._SL500_.jpg" alt="Product Image"></a><p>Pawfume Dog Shampoo and Conditioner – Hypoallergenic Dog Shampoo for Smelly Dogs – Best Dog Shampoos & Conditioners – Probiotic Pet Shampoo for Dogs – Best Dog Shampoo for Puppies (Show Dog)</p><p>$12.99 ($1.08 / Fl Oz)</p><a href="https://www.amazon.com/dp/B0791LY9MW?tag=eloabder-20&linkCode=osi&th=1&psc=1">View Product</a></div><div class="product"><a href="https://www.amazon.com/dp/B018FGSTT4?tag=eloabder-20&linkCode=osi&th=1&psc=1"><img src="https://m.media-amazon.com/images/I/41879dA1aHL._SL500_.jpg" alt="Product Image"></a><p>Oatmeal Dog Shampoo & Conditioner 17oz [USA] 5 in 1 Plant-Based Organic Sulfate-Free Soap-Free-Tearless Moisturizer for Dandruff Allergies & Itchy Dry Sensitive Skin-Puppy Grooming [Pro Pet Works]</p><p>$16.99</p><a href="https://www.amazon.com/dp/B018FGSTT4?tag=eloabder-20&linkCode=osi&th=1&psc=1">View Product</a></div><div class="product"><a href="https://www.amazon.com/dp/B002GPD8BU?tag=eloabder-20&linkCode=osi&th=1&psc=1"><img src="https://m.media-amazon.com/images/I/41ctLsjd+hL._SL500_.jpg" alt="Product Image"></a><p>TropiClean 2-in-1 Papaya & Coconut Dog Shampoo and Conditioner | Natural Pet Shampoo Derived from Natural Ingredients | Cat Friendly | Made in the USA | 20 oz.</p><p>$14.99</p><a href="https://www.amazon.com/dp/B002GPD8BU?tag=eloabder-20&linkCode=osi&th=1&psc=1">View Product</a></div><div class="product"><a href="https://www.amazon.com/dp/B07K6JSBRB?tag=eloabder-20&linkCode=osi&th=1&psc=1"><img src="https://m.media-amazon.com/images/I/41kU4IxjB1L._SL500_.jpg" alt="Product Image"></a><p>Pet Honesty Chlorhexidine Cat & Dog Anti-itch Shampoo, for Allergies, Itching, Dog Skin and Coat Supplement, Helps Shedding, Hot Spots, Deodorizing Dog Shampoo, Dog Grooming Supplies,16oz</p><p>$20.99</p><a href="https://www.amazon.com/dp/B07K6JSBRB?tag=eloabder-20&linkCode=osi&th=1&psc=1">View Product</a></div>
<div class="product"><a href="https://www.amazon.com/dp/B002CZR9QY?tag=eloabder-20&linkCode=osi&th=1&psc=1"><img src="https://m.media-amazon.com/images/I/31SypTuKXPL._SL500_.jpg" alt="Product Image"></a><p>Veterinary Formula Smart Coat Complex Ultra Oatmeal Moisturizing Conditioner for Dogs, 17 Fl oz – with Colloidal Oatmeal & Jojoba – Leaves Coat Soft, Shiny, Hydrated, Strong, with Long-Lasting Scent</p><p>$9.99</p><a href="https://www.amazon.com/dp/B002CZR9QY?tag=eloabder-20&linkCode=osi&th=1&psc=1">View Product</a></div><div class="product"><a href="https://www.amazon.com/dp/B00CVTROQ6?tag=eloabder-20&linkCode=osi&th=1&psc=1"><img src="https://m.media-amazon.com/images/I/41aR-yjG0JL._SL500_.jpg" alt="Product Image"></a><p>Burt's Bees for Pets Naturally Derived Oatmeal Conditioner with Colloidal Oat Flour & Honey - Dog Oatmeal Shampoo - Cruelty Free, Made in the USA - 10 Oz</p><p>$7.98</p><a href="https://www.amazon.com/dp/B00CVTROQ6?tag=eloabder-20&linkCode=osi&th=1&psc=1">View Product</a></div><div class="product"><a href="https://www.amazon.com/dp/B002GPEMCE?tag=eloabder-20&linkCode=osi&th=1&psc=1"><img src="https://m.media-amazon.com/images/I/41aROtv96VL._SL500_.jpg" alt="Product Image"></a><p>TropiClean Kiwi & Coco Butter Moisturizing Dog Conditioner | Natural Pet Conditioner Derived from Natural Ingredients | Cat Friendly | Made in the USA | 20 oz.</p><p>$14.99</p><a href="https://www.amazon.com/dp/B002GPEMCE?tag=eloabder-20&linkCode=osi&th=1&psc=1">View Product</a></div><div class="product"><a href="https://www.amazon.com/dp/B0733Q6FZS?tag=eloabder-20&linkCode=osi&th=1&psc=1"><img src="https://m.media-amazon.com/images/I/41UVp4A19EL._SL500_.jpg" alt="Product Image"></a><p>earthbath, Oatmeal & Aloe Dog Shampoo and Conditioner - Oatmeal Shampoo for Dogs, Itchy, Dry Skin Relief, Dog Wash, Made in USA, Dog Conditioner, Pet Shampoos - Vanilla & Almond, 16 Oz (1 Set)</p><p>$29.50</p><a href="https://www.amazon.com/dp/B0733Q6FZS?tag=eloabder-20&linkCode=osi&th=1&psc=1">View Product</a></div><div class="product"><a href="https://www.amazon.com/dp/B00LNEDFVS?tag=eloabder-20&linkCode=osi&th=1&psc=1"><img src="https://m.media-amazon.com/images/I/31wJ3gR-zkL._SL500_.jpg" alt="Product Image"></a><p>earthbath Oatmeal & Aloe Conditioner, Fragrance Free, 16 oz – Dog Conditioner for Allergies and Itching, Dry Skin – Made in USA</p><p>$17.31</p><a href="https://www.amazon.com/dp/B00LNEDFVS?tag=eloabder-20&linkCode=osi&th=1&psc=1">View Product</a></div><div class="product"><a href="https://www.amazon.com/dp/B088S8XKJN?tag=eloabder-20&linkCode=osi&th=1&psc=1"><img src="https://m.media-amazon.com/images/I/31PU8NG6t6L._SL500_.jpg" alt="Product Image"></a><p>BioSilk for Dogs Silk Therapy Detangling Conditioner | Sulfate and Paraben Free Matted Hair Dog Detangler Conditioner for All Adult Dogs, 12 Fl Oz Made in The USA,Beige</p><p>$9.99</p><a href="https://www.amazon.com/dp/B088S8XKJN?tag=eloabder-20&linkCode=osi&th=1&psc=1">View Product</a></div><div class="product"><a href="https://www.amazon.com/dp/B08P4T75LL?tag=eloabder-20&linkCode=osi&th=1&psc=1"><img src="https://m.media-amazon.com/images/I/31rhZnbNzgL._SL500_.jpg" alt="Product Image"></a><p>PET Head Sensitive Soul Conditioner for Dogs with Sensitive Skin 8.4 fl. oz. Coconut Scent. Hypoallergenic and Soothing, Natural Ingredients and Vegan. Gentle Formula for Puppies. Made in USA</p><p>$15.99</p><a href="https://www.amazon.com/dp/B08P4T75LL?tag=eloabder-20&linkCode=osi&th=1&psc=1">View Product</a></div>

<div class="product"><a href="https://www.amazon.com/dp/B00MW8G3YU?tag=eloabder-20&linkCode=osi&th=1&psc=1"><img src="https://m.media-amazon.com/images/I/31KsVrUeevL._SL500_.jpg" alt="Product Image"></a><p>Amazon Basics Dog and Puppy Pee Pads with 5-Layer Leak-Proof Design and Quick-Dry Surface for Potty Training, Standard Absorbency, Regular Size, 22 x 22 Inch - Pack of 50, Blue & White</p><p>$11.85 ($0.24 / Count)</p><a href="https://www.amazon.com/dp/B00MW8G3YU?tag=eloabder-20&linkCode=osi&th=1&psc=1">View Product</a></div><div class="product"><a href="https://www.amazon.com/dp/B0CXM4NGZG?tag=eloabder-20&linkCode=osi&th=1&psc=1"><img src="https://m.media-amazon.com/images/I/41bxvVfBFkL._SL500_.jpg" alt="Product Image"></a><p>Dog Ear Cleaner Finger Wipes，Premium Ear Finger Wipes for Dogs Cats 50 Pcs Reduce Earwax Buildup Sooths Deodorizes Relieve Ear Itching Inflammation, Fresh Coconut Scent, Natural Ingredients (100 Pcs)</p><p>$12.34</p><a href="https://www.amazon.com/dp/B0CXM4NGZG?tag=eloabder-20&linkCode=osi&th=1&psc=1">View Product</a></div>













<div class="product"><a href="https://www.amazon.com/dp/B00PQ5UH0C?tag=eloabder-20&linkCode=osi&th=1&psc=1"><img src="https://m.media-amazon.com/images/I/51mFFpJO-aL._SL500_.jpg" alt="Product Image"></a><p>Wobble Wag Giggle Ball, Interactive Dog Toy, Fun Giggle Sounds When Rolled or Shaken, Pets Know Best, As Seen On TV</p><p>$14.99</p><a href="https://www.amazon.com/dp/B00PQ5UH0C?tag=eloabder-20&linkCode=osi&th=1&psc=1">View Product</a></div><div class="product"><a href="https://www.amazon.com/dp/B0054C9B1I?tag=eloabder-20&linkCode=osi&th=1&psc=1"><img src="https://m.media-amazon.com/images/I/51ubAM+J5DL._SL500_.jpg" alt="Product Image"></a><p>Hyper Pet Doggie Tail Interactive Plush Dog Toys (Wiggles, Vibrates, and Barks, Stimulating Play)</p><p>$16.77</p><a href="https://www.amazon.com/dp/B0054C9B1I?tag=eloabder-20&linkCode=osi&th=1&psc=1">View Product</a></div>






<div class="product"><a href="https://www.amazon.com/dp/B00JZHRYFI?tag=eloabder-20&linkCode=osi&th=1&psc=1"><img src="https://m.media-amazon.com/images/I/41xHqz3QFML._SL500_.jpg" alt="Product Image"></a><p>PetSafe Happy Ride Metal Dog Barrier - Adjusts to Fit Your Vehicle - Keeps Pets Off Passenger Seats - Sturdy Construction</p><p>$55.21</p><a href="https://www.amazon.com/dp/B00JZHRYFI?tag=eloabder-20&linkCode=osi&th=1&psc=1">View Product</a></div>

<div class="product"><a href="https://www.amazon.com/dp/B0CVXNKVWC?tag=eloabder-20&linkCode=osi&th=1&psc=1"><img src="https://m.media-amazon.com/images/I/41dsqiNkA+L._SL500_.jpg" alt="Product Image"></a><p>Jazzy Fuzzy Pet Heating Pad, 6 Adjustable Temperature Dog Cat Heating Pad with Timer, Waterproof Heating Pad Indoor for Dogs with Chew Resistant Cord (S:18" x 16")</p><p>$29.66</p><a href="https://www.amazon.com/dp/B0CVXNKVWC?tag=eloabder-20&linkCode=osi&th=1&psc=1">View Product</a></div>
<div class="product"><a href="https://www.amazon.com/dp/B0BPQRR1PN?tag=eloabder-20&linkCode=osi&th=1&psc=1"><img src="https://m.media-amazon.com/images/I/41Ppxz4+IFL._SL500_.jpg" alt="Product Image"></a><p>Newday Dog Toothbrush Set of 8 - Dual Headed, Dental Hygiene Convenient Soft Toothbrush to Clean pet Teeth, Dog Tooth Brushes for Small to Large Dogs, Cats, and Most Pets, Teeth Brush in Bulk</p><p>$6.99 ($0.87 / Count)</p><a href="https://www.amazon.com/dp/B0BPQRR1PN?tag=eloabder-20&linkCode=osi&th=1&psc=1">View Product</a></div><div class="product"><a href="https://www.amazon.com/dp/B0BRMQHYTW?tag=eloabder-20&linkCode=osi&th=1&psc=1"><img src="https://m.media-amazon.com/images/I/41hDIKxNIUL._SL500_.jpg" alt="Product Image"></a><p>HICC PET Teeth Cleaning Wipes for Dogs & Cats, Remove Bad Breath by Removing Plaque and Tartar Buildup No-Rinse Dog Finger Toothbrush, Disposable Gentle Cleaning & Gum Care Pet Wipes, 50 Counts</p><p>$15.99</p><a href="https://www.amazon.com/dp/B0BRMQHYTW?tag=eloabder-20&linkCode=osi&th=1&psc=1">View Product</a></div><div class="product"><a href="https://www.amazon.com/dp/B098PF4NPQ?tag=eloabder-20&linkCode=osi&th=1&psc=1"><img src="https://m.media-amazon.com/images/I/51J4B-P+q5L._SL500_.jpg" alt="Product Image"></a><p>Jasper Dog Toothbrush, 360º Dog Tooth Brushing Kit, Cat Toothbrush, Dog Teeth Cleaning, Dog Finger Toothbrush, Dog Tooth Brush for Small & Large Pets, Dog Toothpaste Not Included - Blue 2-Pack</p><p>$13.99 ($7.00 / Count)</p><a href="https://www.amazon.com/dp/B098PF4NPQ?tag=eloabder-20&linkCode=osi&th=1&psc=1">View Product</a></div><div class="product"><a href="https://www.amazon.com/dp/B08B7238H5?tag=eloabder-20&linkCode=osi&th=1&psc=1"><img src="https://m.media-amazon.com/images/I/41TrsZlWCuL._SL500_.jpg" alt="Product Image"></a><p>Pet Toothbrush for Dogs, Cats with Soft Bristles - Easy Teeth Cleaning & Dental Care, Non Slip Dual Head Dog Toothbrush</p><p>$6.79</p><a href="https://www.amazon.com/dp/B08B7238H5?tag=eloabder-20&linkCode=osi&th=1&psc=1">View Product</a></div><div class="product"><a href="https://www.amazon.com/dp/B0C3M7TD8R?tag=eloabder-20&linkCode=osi&th=1&psc=1"><img src="https://m.media-amazon.com/images/I/51COSpzGOjL._SL500_.jpg" alt="Product Image"></a><p>VIWIK 4Pack Dog Toothbrush Dog Tooth Brushing Kit, Cat Finger Toothbrush for Dogs Small Breed, Medium Large Dogs, Puppy Toothbrush for Dog Teeth Cleaning & Dental Care, Pet Finger Toothbrush Kit</p><p>$6.49 ($1.62 / Count)</p><a href="https://www.amazon.com/dp/B0C3M7TD8R?tag=eloabder-20&linkCode=osi&th=1&psc=1">View Product</a></div><div class="product"><a href="https://www.amazon.com/dp/B00B5RFJB2?tag=eloabder-20&linkCode=osi&th=1&psc=1"><img src="https://m.media-amazon.com/images/I/414Mxf1TTTL._SL500_.jpg" alt="Product Image"></a><p>Arm & Hammer for Pets Tartar Control Kit for Dogs | Contains Toothpaste, Toothbrush & Fingerbrush | Reduces Plaque & Tartar Buildup | Safe for Puppies, 3-Piece , Beef Flavor</p><p>$7.89 ($3.16 / Ounce)</p><a href="https://www.amazon.com/dp/B00B5RFJB2?tag=eloabder-20&linkCode=osi&th=1&psc=1">View Product</a></div><div class="product"><a href="https://www.amazon.com/dp/B0BRXMC97P?tag=eloabder-20&linkCode=osi&th=1&psc=1"><img src="https://m.media-amazon.com/images/I/31EQPPcpx-L._SL500_.jpg" alt="Product Image"></a><p>JAYU PET Dental Care Brush (Soft Bristles) - Toothbrush for Cat and Small Dog with Horizontal Head & Easy Grip Handle (1)</p><p>$9.99</p><a href="https://www.amazon.com/dp/B0BRXMC97P?tag=eloabder-20&linkCode=osi&th=1&psc=1">View Product</a></div><div class="product"><a href="https://www.amazon.com/dp/B09SXPVN5D?tag=eloabder-20&linkCode=osi&th=1&psc=1"><img src="https://m.media-amazon.com/images/I/41VfEMZtHxL._SL500_.jpg" alt="Product Image"></a><p>EASYA Double Headed Pet Dog Toothbrush for Small Dogs/Soft Bristles Puppy Long Handle Tooth Brush Dogs Teeth Cleaning/Bulk Toothbrushes Dental & Oral Care… (MIXED10)</p><p>$4.99 ($4.99 / Count)</p><a href="https://www.amazon.com/dp/B09SXPVN5D?tag=eloabder-20&linkCode=osi&th=1&psc=1">View Product</a></div><div class="product"><a href="https://www.amazon.com/dp/B06XKJNFXX?tag=eloabder-20&linkCode=osi&th=1&psc=1"><img src="https://m.media-amazon.com/images/I/51tetoX-VcL._SL500_.jpg" alt="Product Image"></a><p>Vet's Best Dog Toothbrush & Enzymatic Toothpaste Kit - Teeth Cleaning - Made with Natural Ingredients - Reduces Plaque, Whitens Teeth, Freshens Breath - Bonus Care Guide & Finger Brush Included</p><p>$9.26</p><a href="https://www.amazon.com/dp/B06XKJNFXX?tag=eloabder-20&linkCode=osi&th=1&psc=1">View Product</a></div>
<div class="product"><a href="https://www.amazon.com/dp/B00RZDXA7K?tag=eloabder-20&linkCode=osi&th=1&psc=1"><img src="https://m.media-amazon.com/images/I/41gpC5xESnL._SL500_.jpg" alt="Product Image"></a><p>Virbac CET Enzymatic Toothpaste| Eliminates Bad Breath by Removing Plaque & Tartar Buildup | Best Pet Dental Care Toothpaste | Poultry Flavor, 2.5 oz tube</p><p>$11.52 ($4.61 / Ounce)</p><a href="https://www.amazon.com/dp/B00RZDXA7K?tag=eloabder-20&linkCode=osi&th=1&psc=1">View Product</a></div><div class="product"><a href="https://www.amazon.com/dp/B08QJPJNGY?tag=eloabder-20&linkCode=osi&th=1&psc=1"><img src="https://m.media-amazon.com/images/I/41AHDzkNc5L._SL500_.jpg" alt="Product Image"></a><p>Arm & Hammer Complete Care Enzymatic Dog Toothpaste, 6.2 oz - Dog Toothpaste for Puppies and Adult Dogs, Arm and Hammer Toothpaste for Dogs - Pet Toothpaste, Dog Dental Care and Clean Dog Teeth</p><p>$5.82 ($0.94 / Ounce)</p><a href="https://www.amazon.com/dp/B08QJPJNGY?tag=eloabder-20&linkCode=osi&th=1&psc=1">View Product</a></div><div class="product"><a href="https://www.amazon.com/dp/B0778GHYXP?tag=eloabder-20&linkCode=osi&th=1&psc=1"><img src="https://m.media-amazon.com/images/I/41fl3mRiRtL._SL500_.jpg" alt="Product Image"></a><p>Petsmile Professional Pet Toothpaste - Cat & Dog Teeth Cleaning Supplies - Controls Plaque, Tartar, & Bad Breath - VOHC Accepted Toothpaste - Pet Dental Care Essentials (London Broil, 2.5 Oz)</p><p>$14.99</p><a href="https://www.amazon.com/dp/B0778GHYXP?tag=eloabder-20&linkCode=osi&th=1&psc=1">View Product</a></div><div class="product"><a href="https://www.amazon.com/dp/B0002AQMZU?tag=eloabder-20&linkCode=osi&th=1&psc=1"><img src="https://m.media-amazon.com/images/I/31bv4h2hNOL._SL500_.jpg" alt="Product Image"></a><p>Vet’s Best Enzymatic Dog Toothpaste | Teeth Cleaning and Fresh Breath Dental Care Gel | Vet Formulated | 3.5 Ounces | Grape flavor</p><p>$11.48</p><a href="https://www.amazon.com/dp/B0002AQMZU?tag=eloabder-20&linkCode=osi&th=1&psc=1">View Product</a></div><div class="product"><a href="https://www.amazon.com/dp/B00025K0R6?tag=eloabder-20&linkCode=osi&th=1&psc=1"><img src="https://m.media-amazon.com/images/I/41RMHNoofoL._SL500_.jpg" alt="Product Image"></a><p>Petrodex Toothpaste for Dogs and Puppies, Cleans Teeth and Fights Bad Breath, Reduces Plaque and Tartar Formation, Enzymatic Toothpaste, Poultry Flavor, 6.2oz</p><p>$10.03 ($1.62 / Ounce)</p><a href="https://www.amazon.com/dp/B00025K0R6?tag=eloabder-20&linkCode=osi&th=1&psc=1">View Product</a></div><div class="product"><a href="https://www.amazon.com/dp/B08QJFZCDK?tag=eloabder-20&linkCode=osi&th=1&psc=1"><img src="https://m.media-amazon.com/images/I/41bOWd5qb3L._SL500_.jpg" alt="Product Image"></a><p>Arm & Hammer Complete Care Enzymatic Dog Toothpaste Value Size | 6.2 oz Peanut Butter Flavor Enzymatic Dog Toothpaste for Puppies | Great Tasting Dog Toothpaste with Arm & Hammer Baking Soda</p><p>$6.63 ($1.07 / Ounce)</p><a href="https://www.amazon.com/dp/B08QJFZCDK?tag=eloabder-20&linkCode=osi&th=1&psc=1">View Product</a></div><div class="product"><a href="https://www.amazon.com/dp/B098953TJN?tag=eloabder-20&linkCode=osi&th=1&psc=1"><img src="https://m.media-amazon.com/images/I/31EsN5mPA9S._SL500_.jpg" alt="Product Image"></a><p>Petsmile Professional Pet Tooth Brushing Kit - Cat & Dog Toothbrush & Toothpaste - Control Plaque, Tartar & Bad Breath - VOHC Accepted Toothpaste - Teeth Cleaning Supplies (London Broil, 2.5 Oz)</p><p>$25.00 ($10.00 / Ounce)</p><a href="https://www.amazon.com/dp/B098953TJN?tag=eloabder-20&linkCode=osi&th=1&psc=1">View Product</a></div><div class="product"><a href="https://www.amazon.com/dp/B01KD8725Y?tag=eloabder-20&linkCode=osi&th=1&psc=1"><img src="https://m.media-amazon.com/images/I/411faxe3KUL._SL500_.jpg" alt="Product Image"></a><p>Arm & Hammer for Pets Clinical Care Dental Enzymatic Toothpaste for Dogs | Soothes Inflamed Gums | Safe for Puppies 1 Pack Fresh Breath Vanilla Ginger</p><p>$5.99 ($2.40 / Ounce)</p><a href="https://www.amazon.com/dp/B01KD8725Y?tag=eloabder-20&linkCode=osi&th=1&psc=1">View Product</a></div><div class="product"><a href="https://www.amazon.com/dp/B08QJNMHLZ?tag=eloabder-20&linkCode=osi&th=1&psc=1"><img src="https://m.media-amazon.com/images/I/41HvsSGBm5L._SL500_.jpg" alt="Product Image"></a><p>Arm & Hammer Complete Care Dog Dental Kit | 2.5 oz Chicken Flavor Enzymatic Dog Toothpaste, Toothbrush, & Finger Brush | Baking Soda Enhanced Formula for Fresh Breath and Tartar Control</p><p>$5.82 ($2.33 / Ounce)</p><a href="https://www.amazon.com/dp/B08QJNMHLZ?tag=eloabder-20&linkCode=osi&th=1&psc=1">View Product</a></div><div class="product"><a href="https://www.amazon.com/dp/B0CPQ26CG8?tag=eloabder-20&linkCode=osi&th=1&psc=1"><img src="https://m.media-amazon.com/images/I/31gKo9WixRL._SL500_.jpg" alt="Product Image"></a><p>Remineralizing Dog Toothpaste – Vet-Grade, with Nano-Hydroxyapatite, Reverses Early-Stage Decay, Cleans Teeth, Removes Tartar, Freshens Breath by Arterra Pet Science, Plant-Based, Natural Flavor, 4oz</p><p>$19.99 ($5.00 / Ounce)</p><a href="https://www.amazon.com/dp/B0CPQ26CG8?tag=eloabder-20&linkCode=osi&th=1&psc=1">View Product</a></div>


<div class="product"><a href="https://www.amazon.com/dp/B0C58GKQR3?tag=eloabder-20&linkCode=osi&th=1&psc=1"><img src="https://m.media-amazon.com/images/I/41ntA-bHrVL._SL500_.jpg" alt="Product Image"></a><p>MySimplePetLab Dog First Aid Kit | First Aid Dog Travel Accessories | Dog Medical Kit | Dog Essentials Mini First Aid for Wounds, Cuts, or Minor Injuries</p><p>$39.99 ($39.99 / Count)</p><a href="https://www.amazon.com/dp/B0C58GKQR3?tag=eloabder-20&linkCode=osi&th=1&psc=1">View Product</a></div>
<div class="product"><a href="https://www.amazon.com/dp/B0CSPNSVXK?tag=eloabder-20&linkCode=osi&th=1&psc=1"><img src="https://m.media-amazon.com/images/I/41HxJh914vL._SL500_.jpg" alt="Product Image"></a><p>Advanced Health Monitoring Pee Pads for Dogs – Color-Changing, Leak-Proof, and Odor-Control | As Seen on Shark Tank | Genius</p><p>$24.99</p><a href="https://www.amazon.com/dp/B0CSPNSVXK?tag=eloabder-20&linkCode=osi&th=1&psc=1">View Product</a></div>








<div class="product"><a href="https://www.amazon.com/dp/B002AI39QW?tag=eloabder-20&linkCode=osi&th=1&psc=1"><img src="https://m.media-amazon.com/images/I/41vafEl3pTL._SL500_.jpg" alt="Product Image"></a><p>Epi-Pet K-9 Care Sunscreen, Paws to Tail Protection, Prevents Sunburns on Dogs and Horses, Sun Protector Spray, SPF 30+, Non-Greasy/Oily Solution – 3.5 oz</p><p>$17.95</p><a href="https://www.amazon.com/dp/B002AI39QW?tag=eloabder-20&linkCode=osi&th=1&psc=1">View Product</a></div><div class="product"><a href="https://www.amazon.com/dp/B08DDJYJJC?tag=eloabder-20&linkCode=osi&th=1&psc=1"><img src="https://m.media-amazon.com/images/I/41AGRXwbz9L._SL500_.jpg" alt="Product Image"></a><p>Bodhi Dog Sunscreen | Large 8oz SPF 30+ Moisturizing Pet Sunscreen | Safe for All Breeds of Dogs, Cats and Horses | Natural Skin Protection and Conditioner for Skin, Coat, Nose, and Ears | USA Made</p><p>$13.99 ($1.75 / Fl Oz)</p><a href="https://www.amazon.com/dp/B08DDJYJJC?tag=eloabder-20&linkCode=osi&th=1&psc=1">View Product</a></div><div class="product"><a href="https://www.amazon.com/dp/B07SB22JNX?tag=eloabder-20&linkCode=osi&th=1&psc=1"><img src="https://m.media-amazon.com/images/I/41LcLbaDSXL._SL500_.jpg" alt="Product Image"></a><p>EBPP Dog Sunscreen Sun Skin Protector Spray 8 oz - Safe for All Breeds with No Zinc Oxide - Pet Protection and Moisturizer for Skin, Coat, Nose, Ears</p><p>$18.95 ($2.37 / Fl Oz)</p><a href="https://www.amazon.com/dp/B07SB22JNX?tag=eloabder-20&linkCode=osi&th=1&psc=1">View Product</a></div><div class="product"><a href="https://www.amazon.com/dp/B08Z1WPGJX?tag=eloabder-20&linkCode=osi&th=1&psc=1"><img src="https://m.media-amazon.com/images/I/41IgTyrpxBL._SL500_.jpg" alt="Product Image"></a><p>Bodhi Dog Sunscreen | Extra Large 16.5 Ounce SPF 30+ Moisturizing Pet Safe for All Breeds of Dogs, Cats and Horses | Skin Protection and Conditioner for Skin, Coat, Nose, and Ears | USA Made</p><p>$16.99</p><a href="https://www.amazon.com/dp/B08Z1WPGJX?tag=eloabder-20&linkCode=osi&th=1&psc=1">View Product</a></div><div class="product"><a href="https://www.amazon.com/dp/B0CSTCW6WL?tag=eloabder-20&linkCode=osi&th=1&psc=1"><img src="https://m.media-amazon.com/images/I/41UbNRTz7zL._SL500_.jpg" alt="Product Image"></a><p>Pet Sunscreen Balm, 60ml, SPF 15, Moisturizing, Eco-Friendly Tin, Non-Toxic Formula for Dogs and Cats</p><p>$14.99 ($0.25 / Gram)</p><a href="https://www.amazon.com/dp/B0CSTCW6WL?tag=eloabder-20&linkCode=osi&th=1&psc=1">View Product</a></div><div class="product"><a href="https://www.amazon.com/dp/B071K355ZQ?tag=eloabder-20&linkCode=osi&th=1&psc=1"><img src="https://m.media-amazon.com/images/I/51UiYOPTELL._SL500_.jpg" alt="Product Image"></a><p>SIT. STAY. FOREVER. SAFETY FIRST PET PRODUCTS Organic Sunscreen & Moisturizer for dogs and cats, 2 oz, All Natural, Waterproof, Red Raspberry Seed, Carrot Seed and Hemp Oils, Made in MAINE</p><p>$15.99 ($8.00 / Ounce)</p><a href="https://www.amazon.com/dp/B071K355ZQ?tag=eloabder-20&linkCode=osi&th=1&psc=1">View Product</a></div><div class="product"><a href="https://www.amazon.com/dp/B008F4OOM8?tag=eloabder-20&linkCode=osi&th=1&psc=1"><img src="https://m.media-amazon.com/images/I/31F67SFV7BL._SL500_.jpg" alt="Product Image"></a><p>Petkin Dog Sunscreen Sunstick – Sunscreen for Dogs and Puppies, SPF 15 – Simply Rub on Anytime for Instant Sun Protection – Vanilla Coconut Scent, .5 oz Net Weight – Ideal for Home or Travel</p><p>$11.97</p><a href="https://www.amazon.com/dp/B008F4OOM8?tag=eloabder-20&linkCode=osi&th=1&psc=1">View Product</a></div><div class="product"><a href="https://www.amazon.com/dp/B079VHFBGB?tag=eloabder-20&linkCode=osi&th=1&psc=1"><img src="https://m.media-amazon.com/images/I/51j8zibHIzL._SL500_.jpg" alt="Product Image"></a><p>Handy Hound SnoutScreen - All-Natural Organic Vet-Recommended Dog Nose balm and Paw Balm with Natural Sunscreen - Made in the USA Protect Your Dog from Harmful UVB/UVC Rays - 2 oz</p><p>$20.99 ($20.99 / Count)</p><a href="https://www.amazon.com/dp/B079VHFBGB?tag=eloabder-20&linkCode=osi&th=1&psc=1">View Product</a></div>
<div class="product"><a href="https://www.amazon.com/dp/B0D3QFMQM2?tag=eloabder-20&linkCode=osi&th=1&psc=1"><img src="https://m.media-amazon.com/images/I/41Xp-SBgePL._SL500_.jpg" alt="Product Image"></a><p>All-in-One Dog Supplement for Wellness and Longevity, 63 Ingredients for Joints, Cognition, Mood, Skin, Gut and Organ Health, Small Breeds, Vet-Formulated, Made in USA, Senior Formula for 8+ Years</p><p>$59.99 ($6.18 / Ounce)</p><a href="https://www.amazon.com/dp/B0D3QFMQM2?tag=eloabder-20&linkCode=osi&th=1&psc=1">View Product</a></div><div class="product"><a href="https://www.amazon.com/dp/B0083H586S?tag=eloabder-20&linkCode=osi&th=1&psc=1"><img src="https://m.media-amazon.com/images/I/41TpGg6ZSIL._SL500_.jpg" alt="Product Image"></a><p>NaturVet – Senior Wellness Hip & Joint Advanced Plus Omegas | Help Support Your Pet’s Healthy Hip & Joint Function | Supports Joints, Cartilage & Connective Tissues | 120 Soft Chews</p><p>$16.99 ($0.14 / Count)</p><a href="https://www.amazon.com/dp/B0083H586S?tag=eloabder-20&linkCode=osi&th=1&psc=1">View Product</a></div><div class="product"><a href="https://www.amazon.com/dp/B07FWPPGWT?tag=eloabder-20&linkCode=osi&th=1&psc=1"><img src="https://m.media-amazon.com/images/I/41+inDo9CwL._SL500_.jpg" alt="Product Image"></a><p>Critical Immune Defense for Dogs & Cats; Supports Normal Cell Growth - Turkey Tail, Reishi, Shiitake and Maitake Mushroom Formula with Patented White Turmeric Root Extract - 30-day Supply</p><p>$65.00 ($10.25 / Ounce)</p><a href="https://www.amazon.com/dp/B07FWPPGWT?tag=eloabder-20&linkCode=osi&th=1&psc=1">View Product</a></div><div class="product"><a href="https://www.amazon.com/dp/B07498ZT6K?tag=eloabder-20&linkCode=osi&th=1&psc=1"><img src="https://m.media-amazon.com/images/I/310kUj+IP1L._SL500_.jpg" alt="Product Image"></a><p>Hemp Well Hemp Thrive Oil for Dogs and Cats – 16 Ounces of Organic Hemp Oil Supplement for Dog and Cat Health, Calming, Joint Support, ImmuneHealth, and Itchy Skin Relief</p><p>$25.90 ($1.62 / Fl Oz)</p><a href="https://www.amazon.com/dp/B07498ZT6K?tag=eloabder-20&linkCode=osi&th=1&psc=1">View Product</a></div><div class="product"><a href="https://www.amazon.com/dp/B09RX31T8Z?tag=eloabder-20&linkCode=osi&th=1&psc=1"><img src="https://m.media-amazon.com/images/I/41Huq-Gip0L._SL500_.jpg" alt="Product Image"></a><p>Turkey Tail Pet Support - Dog Multivitamins and Supplements for Immune Support, Gut Health & Wellness - Grain-Free, Gluten-Free, Vet-Approved Dog Supplement (90ct)</p><p>$23.95 ($0.27 / Count)</p><a href="https://www.amazon.com/dp/B09RX31T8Z?tag=eloabder-20&linkCode=osi&th=1&psc=1">View Product</a></div><div class="product"><a href="https://www.amazon.com/dp/B09FR3KFYP?tag=eloabder-20&linkCode=osi&th=1&psc=1"><img src="https://m.media-amazon.com/images/I/51v0CdmWq5L._SL500_.jpg" alt="Product Image"></a><p>Well Loved Glucosamine for Dogs - Joint Supplement for Dogs, Made in USA, Vet Developed, Dog Joint Supplement, Glucosamine Chondroitin for Dogs, Advanced Hip and Joint Chews with MSM, Pain Relief, 120</p><p>$23.99 ($0.20 / Count)</p><a href="https://www.amazon.com/dp/B09FR3KFYP?tag=eloabder-20&linkCode=osi&th=1&psc=1">View Product</a></div><div class="product"><a href="https://www.amazon.com/dp/B09H3RBXKS?tag=eloabder-20&linkCode=osi&th=1&psc=1"><img src="https://m.media-amazon.com/images/I/51Zm0SMzn3L._SL500_.jpg" alt="Product Image"></a><p>Well Loved Probiotics for Dogs, Dog Probiotics and Digestive Enzymes, Made in USA, Vet Developed, Dog Probiotic Chews with Prebiotics, Diarrhea Treatment, for Itchy Skin, Gut Health & Gas Relief</p><p>$27.99 ($0.23 / Count)</p><a href="https://www.amazon.com/dp/B09H3RBXKS?tag=eloabder-20&linkCode=osi&th=1&psc=1">View Product</a></div>
<div class="product"><a href="https://www.amazon.com/dp/B09GJJLDWR?tag=eloabder-20&linkCode=osi&th=1&psc=1"><img src="https://m.media-amazon.com/images/I/51dYorxBpSL._SL500_.jpg" alt="Product Image"></a><p>Purina Beggin' Strips Dog Treats, Original With Bacon Flavor - (Pack of 2) 26 oz. Pouches</p><p>$21.19 ($6.52 / lb)</p><a href="https://www.amazon.com/dp/B09GJJLDWR?tag=eloabder-20&linkCode=osi&th=1&psc=1">View Product</a></div>


<div class="product"><a href="https://www.amazon.com/dp/B0009YWKUA?tag=eloabder-20&linkCode=osi&th=1&psc=1"><img src="https://m.media-amazon.com/images/I/41DzZ0HgS7L._SL500_.jpg" alt="Product Image"></a><p>Blue Buffalo Life Protection Formula Adult Dry Dog Food, Helps Build and Maintain Strong Muscles, Made with Natural Ingredients, Chicken & Brown Rice Recipe, 30-lb. Bag</p><p>$64.98 ($2.17 / lb)</p><a href="https://www.amazon.com/dp/B0009YWKUA?tag=eloabder-20&linkCode=osi&th=1&psc=1">View Product</a></div><div class="product"><a href="https://www.amazon.com/dp/B009IOCCD2?tag=eloabder-20&linkCode=osi&th=1&psc=1"><img src="https://m.media-amazon.com/images/I/41kN4rGGnEL._SL500_.jpg" alt="Product Image"></a><p>Purina ONE Dry Dog Food Lamb and Rice Formula - 31.1 lb. Bag</p><p>$48.98 ($1.57 / lb)</p><a href="https://www.amazon.com/dp/B009IOCCD2?tag=eloabder-20&linkCode=osi&th=1&psc=1">View Product</a></div><div class="product"><a href="https://www.amazon.com/dp/B00BD741WM?tag=eloabder-20&linkCode=osi&th=1&psc=1"><img src="https://m.media-amazon.com/images/I/51DjFJxGuzL._SL500_.jpg" alt="Product Image"></a><p>IAMS Adult Minichunks Small Kibble High Protein Dry Dog Food with Real Chicken, 30 lb. Bag,(Packaging may vary)</p><p>$46.98 ($1.57 / lb)</p><a href="https://www.amazon.com/dp/B00BD741WM?tag=eloabder-20&linkCode=osi&th=1&psc=1">View Product</a></div><div class="product"><a href="https://www.amazon.com/dp/B07KZCGXPS?tag=eloabder-20&linkCode=osi&th=1&psc=1"><img src="https://m.media-amazon.com/images/I/41f7ma8WlmL._SL500_.jpg" alt="Product Image"></a><p>Purina ONE True Instinct Tender Cuts in Gravy With Real Turkey and Venison, and With Real Chicken and Duck High Protein Wet Dog Food Variety Pack - (Pack of 12) 13 oz. Cans</p><p>$28.09 ($2.88 / lb)</p><a href="https://www.amazon.com/dp/B07KZCGXPS?tag=eloabder-20&linkCode=osi&th=1&psc=1">View Product</a></div><div class="product"><a href="https://www.amazon.com/dp/B00M0FHCN6?tag=eloabder-20&linkCode=osi&th=1&psc=1"><img src="https://m.media-amazon.com/images/I/51wLSFGMhDL._SL500_.jpg" alt="Product Image"></a><p>CESAR Adult Wet Dog Food Classic Loaf in Sauce Poultry Variety Pack,. Easy Peel Trays with Real Chicken, Turkey or Duck, 3.5 Ounce (Pack of 24)</p><p>$24.98 ($4.76 / lb)</p><a href="https://www.amazon.com/dp/B00M0FHCN6?tag=eloabder-20&linkCode=osi&th=1&psc=1">View Product</a></div>
<div class="product"><a href="https://www.amazon.com/dp/B08P2D95G8?tag=eloabder-20&linkCode=osi&th=1&psc=1"><img src="https://m.media-amazon.com/images/I/51-0PjesnPL._SL500_.jpg" alt="Product Image"></a><p>Pur Luv Dog Treats, Chicken Jerky for Dogs, Made with 100% Real Chicken Breast, 16 Ounces, Healthy, Easily Digestible, Long-Lasting, High Protein Dog Treat, Satisfies Dog's Urge to Chew</p><p>$11.54 ($0.72 / oz)</p><a href="https://www.amazon.com/dp/B08P2D95G8?tag=eloabder-20&linkCode=osi&th=1&psc=1">View Product</a></div><div class="product"><a href="https://www.amazon.com/dp/B01KZECQRK?tag=eloabder-20&linkCode=osi&th=1&psc=1"><img src="https://m.media-amazon.com/images/I/41mCSdSOW6L._SL500_.jpg" alt="Product Image"></a><p>Pet 'n Shape Chik 'n Hide Twists – Chicken Wrapped Rawhide Natural Dog Treats, Small, 16 oz</p><p>$15.99</p><a href="https://www.amazon.com/dp/B01KZECQRK?tag=eloabder-20&linkCode=osi&th=1&psc=1">View Product</a></div><div class="product"><a href="https://www.amazon.com/dp/B003PMQMK2?tag=eloabder-20&linkCode=osi&th=1&psc=1"><img src="https://m.media-amazon.com/images/I/51rKBA3bcNL._SL500_.jpg" alt="Product Image"></a><p>Milk-Bone MaroSnacks Dog Treats, Beef, 40 Ounce with Real Bone Marrow and Calcium</p><p>$11.48 ($4.59 / lb)</p><a href="https://www.amazon.com/dp/B003PMQMK2?tag=eloabder-20&linkCode=osi&th=1&psc=1">View Product</a></div><div class="product"><a href="https://www.amazon.com/dp/B07BVLGZW6?tag=eloabder-20&linkCode=osi&th=1&psc=1"><img src="https://m.media-amazon.com/images/I/51oBIB2I7HL._SL500_.jpg" alt="Product Image"></a><p>Good'N'Fun P-94130 Triple Flavor Wings Dog Chews, One Size</p><p>$11.65 ($0.97 / oz)</p><a href="https://www.amazon.com/dp/B07BVLGZW6?tag=eloabder-20&linkCode=osi&th=1&psc=1">View Product</a></div><div class="product"><a href="https://www.amazon.com/dp/B003P9XG68?tag=eloabder-20&linkCode=osi&th=1&psc=1"><img src="https://m.media-amazon.com/images/I/41ytS3hkBnL._SL500_.jpg" alt="Product Image"></a><p>Blue Buffalo Health Bars Natural Crunchy Dog Treats Biscuits, Pumpkin & Cinnamon 16-oz Bag</p><p>$4.98 ($0.31 / oz)</p><a href="https://www.amazon.com/dp/B003P9XG68?tag=eloabder-20&linkCode=osi&th=1&psc=1">View Product</a></div><div class="product"><a href="https://www.amazon.com/dp/B0BWBTWXN3?tag=eloabder-20&linkCode=osi&th=1&psc=1"><img src="https://m.media-amazon.com/images/I/31+dzCcvlGL._SL500_.jpg" alt="Product Image"></a><p>Vital Essentials Freeze Dried Raw Single Ingredient Dog Treats, Chicken Hearts, 1.9 oz</p><p>$9.49 ($4.99 / oz)</p><a href="https://www.amazon.com/dp/B0BWBTWXN3?tag=eloabder-20&linkCode=osi&th=1&psc=1">View Product</a></div><div class="product"><a href="https://www.amazon.com/dp/B01C47NRJC?tag=eloabder-20&linkCode=osi&th=1&psc=1"><img src="https://m.media-amazon.com/images/I/51fs1tTjYCL._SL500_.jpg" alt="Product Image"></a><p>Purina Beggin' With Real Meat Dog Treats, Fun Size Original With Bacon Flavor - 25 oz. Pouch</p><p>$11.48 ($7.35 / lb)</p><a href="https://www.amazon.com/dp/B01C47NRJC?tag=eloabder-20&linkCode=osi&th=1&psc=1">View Product</a></div><div class="product"><a href="https://www.amazon.com/dp/B07BVL8TQF?tag=eloabder-20&linkCode=osi&th=1&psc=1"><img src="https://m.media-amazon.com/images/I/41V12A43ClL._SL500_.jpg" alt="Product Image"></a><p>Good'N'Fun Triple Flavored Rawhide Kabobs for Dogs, 1.5 Pound (Pack of 1)</p><p>$17.98 ($11.99 / lb)</p><a href="https://www.amazon.com/dp/B07BVL8TQF?tag=eloabder-20&linkCode=osi&th=1&psc=1">View Product</a></div>
<div class="product"><a href="https://www.amazon.com/dp/B00G5M75UK?tag=eloabder-20&linkCode=osi&th=1&psc=1"><img src="https://m.media-amazon.com/images/I/51eJ6OzgqGL._SL500_.jpg" alt="Product Image"></a><p>Best Pet Supplies 2-in-1 Stuffless Squeaky Dog Toys with Soft, Durable Fabric for Small, Medium, and Large Pets, No Stuffing for Indoor Play, Supports Active Biting and Play - 1Wild Duck, Small</p><p>$4.99</p><a href="https://www.amazon.com/dp/B00G5M75UK?tag=eloabder-20&linkCode=osi&th=1&psc=1">View Product</a></div><div class="product"><a href="https://www.amazon.com/dp/B0BGBHXSWH?tag=eloabder-20&linkCode=osi&th=1&psc=1"><img src="https://m.media-amazon.com/images/I/510SJqCt8qL._SL500_.jpg" alt="Product Image"></a><p>Cowjag Cat Toys, Laser Pointer with 5 Adjustable Patterns, USB Recharge Laser, Long Range and 3 Modes Training Chaser Interactive Toy, Dog Laser Toy</p><p>$9.99</p><a href="https://www.amazon.com/dp/B0BGBHXSWH?tag=eloabder-20&linkCode=osi&th=1&psc=1">View Product</a></div><div class="product"><a href="https://www.amazon.com/dp/B00CPDWT2M?tag=eloabder-20&linkCode=osi&th=1&psc=1"><img src="https://m.media-amazon.com/images/I/318fAcfhAdL._SL500_.jpg" alt="Product Image"></a><p>Benebone Wishbone Durable Dog Chew Toy for Aggressive Chewers, Real Bacon, Made in USA, Medium</p><p>$9.74</p><a href="https://www.amazon.com/dp/B00CPDWT2M?tag=eloabder-20&linkCode=osi&th=1&psc=1">View Product</a></div>



<div class="product"><a href="https://www.amazon.com/dp/B00BUFYFKK?tag=eloabder-20&linkCode=osi&th=1&psc=1"><img src="https://m.media-amazon.com/images/I/51kfe3GnT3L._SL500_.jpg" alt="Product Image"></a><p>Hartz UltraGuard Purple Flea & Tick Collar for Cats and Kittens - 7 Month Protection</p><p>$3.58</p><a href="https://www.amazon.com/dp/B00BUFYFKK?tag=eloabder-20&linkCode=osi&th=1&psc=1">View Product</a></div>


<div class="product"><a href="https://www.amazon.com/dp/B005CUTWDE?tag=eloabder-20&linkCode=osi&th=1&psc=1"><img src="https://m.media-amazon.com/images/I/41j4IEfx6wL._SL500_.jpg" alt="Product Image"></a><p>Wahl USA Dry Skin & Itch Relief Pet Shampoo for Dogs – Oatmeal Formula with Coconut Lime Verbena & Pet Friendly Formula, 24 Oz - Model 820004A</p><p>$8.97</p><a href="https://www.amazon.com/dp/B005CUTWDE?tag=eloabder-20&linkCode=osi&th=1&psc=1">View Product</a></div><div class="product"><a href="https://www.amazon.com/dp/B005CUTW8O?tag=eloabder-20&linkCode=osi&th=1&psc=1"><img src="https://m.media-amazon.com/images/I/415nQL+xAbL._SL500_.jpg" alt="Product Image"></a><p>Wahl USA 4-in-1 Calming Pet Shampoo for Dogs – Cleans, Conditions, Detangles, & Moisturizes with Lavender Chamomile - Pet Friendly Formula - 24 Oz - Model 820000A</p><p>$8.48</p><a href="https://www.amazon.com/dp/B005CUTW8O?tag=eloabder-20&linkCode=osi&th=1&psc=1">View Product</a></div><div class="product"><a href="https://www.amazon.com/dp/B08ZJYBN9Y?tag=eloabder-20&linkCode=osi&th=1&psc=1"><img src="https://m.media-amazon.com/images/I/31KdutxWCzL._SL500_.jpg" alt="Product Image"></a><p>OUAI Fur Bébé Pet Shampoo, Mercer Street Scent - Dog Shampoo and Coat Wash for Hydrating, Cleansing and Adding Shine to Pet Hair - Pet Supplies by OUAI (16 Fl Oz)</p><p>$32.00</p><a href="https://www.amazon.com/dp/B08ZJYBN9Y?tag=eloabder-20&linkCode=osi&th=1&psc=1">View Product</a></div><div class="product"><a href="https://www.amazon.com/dp/B07RVD63J1?tag=eloabder-20&linkCode=osi&th=1&psc=1"><img src="https://m.media-amazon.com/images/I/31f8QK2qe2L._SL500_.jpg" alt="Product Image"></a><p>Arm & Hammer Super Deodorizing Shampoo For Dogs - Odor Eliminating Dog Shampoo For Smelly Dogs & Puppies With Arm & Hammer Baking Soda -- Kiwi Blossom Scent, 20 Fl Oz,White</p><p>$4.98</p><a href="https://www.amazon.com/dp/B07RVD63J1?tag=eloabder-20&linkCode=osi&th=1&psc=1">View Product</a></div><div class="product"><a href="https://www.amazon.com/dp/B079T44C3J?tag=eloabder-20&linkCode=osi&th=1&psc=1"><img src="https://m.media-amazon.com/images/I/41aKOigtAPL._SL500_.jpg" alt="Product Image"></a><p>Wahl USA Dry Skin & Itch Relief Pet Shampoo for Dogs – Oatmeal Formula with Coconut Lime Verbena - 64 Oz - Model 821004-050</p><p>$19.99</p><a href="https://www.amazon.com/dp/B079T44C3J?tag=eloabder-20&linkCode=osi&th=1&psc=1">View Product</a></div><div class="product"><a href="https://www.amazon.com/dp/B0791LY9MW?tag=eloabder-20&linkCode=osi&th=1&psc=1"><img src="https://m.media-amazon.com/images/I/41evpDHPYpL._SL500_.jpg" alt="Product Image"></a><p>Pawfume Dog Shampoo and Conditioner – Hypoallergenic Dog Shampoo for Smelly Dogs – Best Dog Shampoos & Conditioners – Probiotic Pet Shampoo for Dogs – Best Dog Shampoo for Puppies (Show Dog)</p><p>$12.99 ($1.08 / Fl Oz)</p><a href="https://www.amazon.com/dp/B0791LY9MW?tag=eloabder-20&linkCode=osi&th=1&psc=1">View Product</a></div><div class="product"><a href="https://www.amazon.com/dp/B018FGSTT4?tag=eloabder-20&linkCode=osi&th=1&psc=1"><img src="https://m.media-amazon.com/images/I/41879dA1aHL._SL500_.jpg" alt="Product Image"></a><p>Oatmeal Dog Shampoo & Conditioner 17oz [USA] 5 in 1 Plant-Based Organic Sulfate-Free Soap-Free-Tearless Moisturizer for Dandruff Allergies & Itchy Dry Sensitive Skin-Puppy Grooming [Pro Pet Works]</p><p>$16.99</p><a href="https://www.amazon.com/dp/B018FGSTT4?tag=eloabder-20&linkCode=osi&th=1&psc=1">View Product</a></div><div class="product"><a href="https://www.amazon.com/dp/B002GPD8BU?tag=eloabder-20&linkCode=osi&th=1&psc=1"><img src="https://m.media-amazon.com/images/I/41ctLsjd+hL._SL500_.jpg" alt="Product Image"></a><p>TropiClean 2-in-1 Papaya & Coconut Dog Shampoo and Conditioner | Natural Pet Shampoo Derived from Natural Ingredients | Cat Friendly | Made in the USA | 20 oz.</p><p>$14.99</p><a href="https://www.amazon.com/dp/B002GPD8BU?tag=eloabder-20&linkCode=osi&th=1&psc=1">View Product</a></div><div class="product"><a href="https://www.amazon.com/dp/B07K6JSBRB?tag=eloabder-20&linkCode=osi&th=1&psc=1"><img src="https://m.media-amazon.com/images/I/41kU4IxjB1L._SL500_.jpg" alt="Product Image"></a><p>Pet Honesty Chlorhexidine Cat & Dog Anti-itch Shampoo, for Allergies, Itching, Dog Skin and Coat Supplement, Helps Shedding, Hot Spots, Deodorizing Dog Shampoo, Dog Grooming Supplies,16oz</p><p>$20.99</p><a href="https://www.amazon.com/dp/B07K6JSBRB?tag=eloabder-20&linkCode=osi&th=1&psc=1">View Product</a></div>
<div class="product"><a href="https://www.amazon.com/dp/B002CZR9QY?tag=eloabder-20&linkCode=osi&th=1&psc=1"><img src="https://m.media-amazon.com/images/I/31SypTuKXPL._SL500_.jpg" alt="Product Image"></a><p>Veterinary Formula Smart Coat Complex Ultra Oatmeal Moisturizing Conditioner for Dogs, 17 Fl oz – with Colloidal Oatmeal & Jojoba – Leaves Coat Soft, Shiny, Hydrated, Strong, with Long-Lasting Scent</p><p>$9.99</p><a href="https://www.amazon.com/dp/B002CZR9QY?tag=eloabder-20&linkCode=osi&th=1&psc=1">View Product</a></div><div class="product"><a href="https://www.amazon.com/dp/B00CVTROQ6?tag=eloabder-20&linkCode=osi&th=1&psc=1"><img src="https://m.media-amazon.com/images/I/41aR-yjG0JL._SL500_.jpg" alt="Product Image"></a><p>Burt's Bees for Pets Naturally Derived Oatmeal Conditioner with Colloidal Oat Flour & Honey - Dog Oatmeal Shampoo - Cruelty Free, Made in the USA - 10 Oz</p><p>$7.98</p><a href="https://www.amazon.com/dp/B00CVTROQ6?tag=eloabder-20&linkCode=osi&th=1&psc=1">View Product</a></div><div class="product"><a href="https://www.amazon.com/dp/B002GPEMCE?tag=eloabder-20&linkCode=osi&th=1&psc=1"><img src="https://m.media-amazon.com/images/I/41aROtv96VL._SL500_.jpg" alt="Product Image"></a><p>TropiClean Kiwi & Coco Butter Moisturizing Dog Conditioner | Natural Pet Conditioner Derived from Natural Ingredients | Cat Friendly | Made in the USA | 20 oz.</p><p>$14.99</p><a href="https://www.amazon.com/dp/B002GPEMCE?tag=eloabder-20&linkCode=osi&th=1&psc=1">View Product</a></div><div class="product"><a href="https://www.amazon.com/dp/B0733Q6FZS?tag=eloabder-20&linkCode=osi&th=1&psc=1"><img src="https://m.media-amazon.com/images/I/41UVp4A19EL._SL500_.jpg" alt="Product Image"></a><p>earthbath, Oatmeal & Aloe Dog Shampoo and Conditioner - Oatmeal Shampoo for Dogs, Itchy, Dry Skin Relief, Dog Wash, Made in USA, Dog Conditioner, Pet Shampoos - Vanilla & Almond, 16 Oz (1 Set)</p><p>$29.50</p><a href="https://www.amazon.com/dp/B0733Q6FZS?tag=eloabder-20&linkCode=osi&th=1&psc=1">View Product</a></div><div class="product"><a href="https://www.amazon.com/dp/B00LNEDFVS?tag=eloabder-20&linkCode=osi&th=1&psc=1"><img src="https://m.media-amazon.com/images/I/31wJ3gR-zkL._SL500_.jpg" alt="Product Image"></a><p>earthbath Oatmeal & Aloe Conditioner, Fragrance Free, 16 oz – Dog Conditioner for Allergies and Itching, Dry Skin – Made in USA</p><p>$17.31</p><a href="https://www.amazon.com/dp/B00LNEDFVS?tag=eloabder-20&linkCode=osi&th=1&psc=1">View Product</a></div><div class="product"><a href="https://www.amazon.com/dp/B088S8XKJN?tag=eloabder-20&linkCode=osi&th=1&psc=1"><img src="https://m.media-amazon.com/images/I/31PU8NG6t6L._SL500_.jpg" alt="Product Image"></a><p>BioSilk for Dogs Silk Therapy Detangling Conditioner | Sulfate and Paraben Free Matted Hair Dog Detangler Conditioner for All Adult Dogs, 12 Fl Oz Made in The USA,Beige</p><p>$9.99</p><a href="https://www.amazon.com/dp/B088S8XKJN?tag=eloabder-20&linkCode=osi&th=1&psc=1">View Product</a></div><div class="product"><a href="https://www.amazon.com/dp/B08P4T75LL?tag=eloabder-20&linkCode=osi&th=1&psc=1"><img src="https://m.media-amazon.com/images/I/31rhZnbNzgL._SL500_.jpg" alt="Product Image"></a><p>PET Head Sensitive Soul Conditioner for Dogs with Sensitive Skin 8.4 fl. oz. Coconut Scent. Hypoallergenic and Soothing, Natural Ingredients and Vegan. Gentle Formula for Puppies. Made in USA</p><p>$15.99</p><a href="https://www.amazon.com/dp/B08P4T75LL?tag=eloabder-20&linkCode=osi&th=1&psc=1">View Product</a></div>


<div class="product"><a href="https://www.amazon.com/dp/B00MW8G3YU?tag=eloabder-20&linkCode=osi&th=1&psc=1"><img src="https://m.media-amazon.com/images/I/31KsVrUeevL._SL500_.jpg" alt="Product Image"></a><p>Amazon Basics Dog and Puppy Pee Pads with 5-Layer Leak-Proof Design and Quick-Dry Surface for Potty Training, Standard Absorbency, Regular Size, 22 x 22 Inch - Pack of 50, Blue & White</p><p>$11.85 ($0.24 / Count)</p><a href="https://www.amazon.com/dp/B00MW8G3YU?tag=eloabder-20&linkCode=osi&th=1&psc=1">View Product</a></div><div class="product"><a href="https://www.amazon.com/dp/B0CXM4NGZG?tag=eloabder-20&linkCode=osi&th=1&psc=1"><img src="https://m.media-amazon.com/images/I/41bxvVfBFkL._SL500_.jpg" alt="Product Image"></a><p>Dog Ear Cleaner Finger Wipes，Premium Ear Finger Wipes for Dogs Cats 50 Pcs Reduce Earwax Buildup Sooths Deodorizes Relieve Ear Itching Inflammation, Fresh Coconut Scent, Natural Ingredients (100 Pcs)</p><p>$12.34</p><a href="https://www.amazon.com/dp/B0CXM4NGZG?tag=eloabder-20&linkCode=osi&th=1&psc=1">View Product</a></div>













<div class="product"><a href="https://www.amazon.com/dp/B00PQ5UH0C?tag=eloabder-20&linkCode=osi&th=1&psc=1"><img src="https://m.media-amazon.com/images/I/51mFFpJO-aL._SL500_.jpg" alt="Product Image"></a><p>Wobble Wag Giggle Ball, Interactive Dog Toy, Fun Giggle Sounds When Rolled or Shaken, Pets Know Best, As Seen On TV</p><p>$14.99</p><a href="https://www.amazon.com/dp/B00PQ5UH0C?tag=eloabder-20&linkCode=osi&th=1&psc=1">View Product</a></div><div class="product"><a href="https://www.amazon.com/dp/B0054C9B1I?tag=eloabder-20&linkCode=osi&th=1&psc=1"><img src="https://m.media-amazon.com/images/I/51ubAM+J5DL._SL500_.jpg" alt="Product Image"></a><p>Hyper Pet Doggie Tail Interactive Plush Dog Toys (Wiggles, Vibrates, and Barks, Stimulating Play)</p><p>$16.77</p><a href="https://www.amazon.com/dp/B0054C9B1I?tag=eloabder-20&linkCode=osi&th=1&psc=1">View Product</a></div>






<div class="product"><a href="https://www.amazon.com/dp/B00JZHRYFI?tag=eloabder-20&linkCode=osi&th=1&psc=1"><img src="https://m.media-amazon.com/images/I/41xHqz3QFML._SL500_.jpg" alt="Product Image"></a><p>PetSafe Happy Ride Metal Dog Barrier - Adjusts to Fit Your Vehicle - Keeps Pets Off Passenger Seats - Sturdy Construction</p><p>$55.21</p><a href="https://www.amazon.com/dp/B00JZHRYFI?tag=eloabder-20&linkCode=osi&th=1&psc=1">View Product</a></div>

<div class="product"><a href="https://www.amazon.com/dp/B0CVXNKVWC?tag=eloabder-20&linkCode=osi&th=1&psc=1"><img src="https://m.media-amazon.com/images/I/41dsqiNkA+L._SL500_.jpg" alt="Product Image"></a><p>Jazzy Fuzzy Pet Heating Pad, 6 Adjustable Temperature Dog Cat Heating Pad with Timer, Waterproof Heating Pad Indoor for Dogs with Chew Resistant Cord (S:18" x 16")</p><p>$29.66</p><a href="https://www.amazon.com/dp/B0CVXNKVWC?tag=eloabder-20&linkCode=osi&th=1&psc=1">View Product</a></div>
<div class="product"><a href="https://www.amazon.com/dp/B0BPQRR1PN?tag=eloabder-20&linkCode=osi&th=1&psc=1"><img src="https://m.media-amazon.com/images/I/41Ppxz4+IFL._SL500_.jpg" alt="Product Image"></a><p>Newday Dog Toothbrush Set of 8 - Dual Headed, Dental Hygiene Convenient Soft Toothbrush to Clean pet Teeth, Dog Tooth Brushes for Small to Large Dogs, Cats, and Most Pets, Teeth Brush in Bulk</p><p>$6.99 ($0.87 / Count)</p><a href="https://www.amazon.com/dp/B0BPQRR1PN?tag=eloabder-20&linkCode=osi&th=1&psc=1">View Product</a></div><div class="product"><a href="https://www.amazon.com/dp/B0BRMQHYTW?tag=eloabder-20&linkCode=osi&th=1&psc=1"><img src="https://m.media-amazon.com/images/I/41hDIKxNIUL._SL500_.jpg" alt="Product Image"></a><p>HICC PET Teeth Cleaning Wipes for Dogs & Cats, Remove Bad Breath by Removing Plaque and Tartar Buildup No-Rinse Dog Finger Toothbrush, Disposable Gentle Cleaning & Gum Care Pet Wipes, 50 Counts</p><p>$15.99</p><a href="https://www.amazon.com/dp/B0BRMQHYTW?tag=eloabder-20&linkCode=osi&th=1&psc=1">View Product</a></div><div class="product"><a href="https://www.amazon.com/dp/B098PF4NPQ?tag=eloabder-20&linkCode=osi&th=1&psc=1"><img src="https://m.media-amazon.com/images/I/51J4B-P+q5L._SL500_.jpg" alt="Product Image"></a><p>Jasper Dog Toothbrush, 360º Dog Tooth Brushing Kit, Cat Toothbrush, Dog Teeth Cleaning, Dog Finger Toothbrush, Dog Tooth Brush for Small & Large Pets, Dog Toothpaste Not Included - Blue 2-Pack</p><p>$13.99 ($7.00 / Count)</p><a href="https://www.amazon.com/dp/B098PF4NPQ?tag=eloabder-20&linkCode=osi&th=1&psc=1">View Product</a></div><div class="product"><a href="https://www.amazon.com/dp/B08B7238H5?tag=eloabder-20&linkCode=osi&th=1&psc=1"><img src="https://m.media-amazon.com/images/I/41TrsZlWCuL._SL500_.jpg" alt="Product Image"></a><p>Pet Toothbrush for Dogs, Cats with Soft Bristles - Easy Teeth Cleaning & Dental Care, Non Slip Dual Head Dog Toothbrush</p><p>$6.79</p><a href="https://www.amazon.com/dp/B08B7238H5?tag=eloabder-20&linkCode=osi&th=1&psc=1">View Product</a></div><div class="product"><a href="https://www.amazon.com/dp/B0C3M7TD8R?tag=eloabder-20&linkCode=osi&th=1&psc=1"><img src="https://m.media-amazon.com/images/I/51COSpzGOjL._SL500_.jpg" alt="Product Image"></a><p>VIWIK 4Pack Dog Toothbrush Dog Tooth Brushing Kit, Cat Finger Toothbrush for Dogs Small Breed, Medium Large Dogs, Puppy Toothbrush for Dog Teeth Cleaning & Dental Care, Pet Finger Toothbrush Kit</p><p>$6.49 ($1.62 / Count)</p><a href="https://www.amazon.com/dp/B0C3M7TD8R?tag=eloabder-20&linkCode=osi&th=1&psc=1">View Product</a></div><div class="product"><a href="https://www.amazon.com/dp/B00B5RFJB2?tag=eloabder-20&linkCode=osi&th=1&psc=1"><img src="https://m.media-amazon.com/images/I/414Mxf1TTTL._SL500_.jpg" alt="Product Image"></a><p>Arm & Hammer for Pets Tartar Control Kit for Dogs | Contains Toothpaste, Toothbrush & Fingerbrush | Reduces Plaque & Tartar Buildup | Safe for Puppies, 3-Piece , Beef Flavor</p><p>$7.89 ($3.16 / Ounce)</p><a href="https://www.amazon.com/dp/B00B5RFJB2?tag=eloabder-20&linkCode=osi&th=1&psc=1">View Product</a></div><div class="product"><a href="https://www.amazon.com/dp/B0BRXMC97P?tag=eloabder-20&linkCode=osi&th=1&psc=1"><img src="https://m.media-amazon.com/images/I/31EQPPcpx-L._SL500_.jpg" alt="Product Image"></a><p>JAYU PET Dental Care Brush (Soft Bristles) - Toothbrush for Cat and Small Dog with Horizontal Head & Easy Grip Handle (1)</p><p>$9.99</p><a href="https://www.amazon.com/dp/B0BRXMC97P?tag=eloabder-20&linkCode=osi&th=1&psc=1">View Product</a></div><div class="product"><a href="https://www.amazon.com/dp/B09SXPVN5D?tag=eloabder-20&linkCode=osi&th=1&psc=1"><img src="https://m.media-amazon.com/images/I/41VfEMZtHxL._SL500_.jpg" alt="Product Image"></a><p>EASYA Double Headed Pet Dog Toothbrush for Small Dogs/Soft Bristles Puppy Long Handle Tooth Brush Dogs Teeth Cleaning/Bulk Toothbrushes Dental & Oral Care… (MIXED10)</p><p>$4.99 ($4.99 / Count)</p><a href="https://www.amazon.com/dp/B09SXPVN5D?tag=eloabder-20&linkCode=osi&th=1&psc=1">View Product</a></div><div class="product"><a href="https://www.amazon.com/dp/B06XKJNFXX?tag=eloabder-20&linkCode=osi&th=1&psc=1"><img src="https://m.media-amazon.com/images/I/51tetoX-VcL._SL500_.jpg" alt="Product Image"></a><p>Vet's Best Dog Toothbrush & Enzymatic Toothpaste Kit - Teeth Cleaning - Made with Natural Ingredients - Reduces Plaque, Whitens Teeth, Freshens Breath - Bonus Care Guide & Finger Brush Included</p><p>$9.26</p><a href="https://www.amazon.com/dp/B06XKJNFXX?tag=eloabder-20&linkCode=osi&th=1&psc=1">View Product</a></div>
<div class="product"><a href="https://www.amazon.com/dp/B00RZDXA7K?tag=eloabder-20&linkCode=osi&th=1&psc=1"><img src="https://m.media-amazon.com/images/I/41gpC5xESnL._SL500_.jpg" alt="Product Image"></a><p>Virbac CET Enzymatic Toothpaste| Eliminates Bad Breath by Removing Plaque & Tartar Buildup | Best Pet Dental Care Toothpaste | Poultry Flavor, 2.5 oz tube</p><p>$11.52 ($4.61 / Ounce)</p><a href="https://www.amazon.com/dp/B00RZDXA7K?tag=eloabder-20&linkCode=osi&th=1&psc=1">View Product</a></div><div class="product"><a href="https://www.amazon.com/dp/B08QJPJNGY?tag=eloabder-20&linkCode=osi&th=1&psc=1"><img src="https://m.media-amazon.com/images/I/41AHDzkNc5L._SL500_.jpg" alt="Product Image"></a><p>Arm & Hammer Complete Care Enzymatic Dog Toothpaste, 6.2 oz - Dog Toothpaste for Puppies and Adult Dogs, Arm and Hammer Toothpaste for Dogs - Pet Toothpaste, Dog Dental Care and Clean Dog Teeth</p><p>$5.82 ($0.94 / Ounce)</p><a href="https://www.amazon.com/dp/B08QJPJNGY?tag=eloabder-20&linkCode=osi&th=1&psc=1">View Product</a></div><div class="product"><a href="https://www.amazon.com/dp/B0778GHYXP?tag=eloabder-20&linkCode=osi&th=1&psc=1"><img src="https://m.media-amazon.com/images/I/41fl3mRiRtL._SL500_.jpg" alt="Product Image"></a><p>Petsmile Professional Pet Toothpaste - Cat & Dog Teeth Cleaning Supplies - Controls Plaque, Tartar, & Bad Breath - VOHC Accepted Toothpaste - Pet Dental Care Essentials (London Broil, 2.5 Oz)</p><p>$14.99</p><a href="https://www.amazon.com/dp/B0778GHYXP?tag=eloabder-20&linkCode=osi&th=1&psc=1">View Product</a></div><div class="product"><a href="https://www.amazon.com/dp/B0002AQMZU?tag=eloabder-20&linkCode=osi&th=1&psc=1"><img src="https://m.media-amazon.com/images/I/31bv4h2hNOL._SL500_.jpg" alt="Product Image"></a><p>Vet’s Best Enzymatic Dog Toothpaste | Teeth Cleaning and Fresh Breath Dental Care Gel | Vet Formulated | 3.5 Ounces | Grape flavor</p><p>$11.48</p><a href="https://www.amazon.com/dp/B0002AQMZU?tag=eloabder-20&linkCode=osi&th=1&psc=1">View Product</a></div><div class="product"><a href="https://www.amazon.com/dp/B00025K0R6?tag=eloabder-20&linkCode=osi&th=1&psc=1"><img src="https://m.media-amazon.com/images/I/41RMHNoofoL._SL500_.jpg" alt="Product Image"></a><p>Petrodex Toothpaste for Dogs and Puppies, Cleans Teeth and Fights Bad Breath, Reduces Plaque and Tartar Formation, Enzymatic Toothpaste, Poultry Flavor, 6.2oz</p><p>$10.03 ($1.62 / Ounce)</p><a href="https://www.amazon.com/dp/B00025K0R6?tag=eloabder-20&linkCode=osi&th=1&psc=1">View Product</a></div><div class="product"><a href="https://www.amazon.com/dp/B08QJFZCDK?tag=eloabder-20&linkCode=osi&th=1&psc=1"><img src="https://m.media-amazon.com/images/I/41bOWd5qb3L._SL500_.jpg" alt="Product Image"></a><p>Arm & Hammer Complete Care Enzymatic Dog Toothpaste Value Size | 6.2 oz Peanut Butter Flavor Enzymatic Dog Toothpaste for Puppies | Great Tasting Dog Toothpaste with Arm & Hammer Baking Soda</p><p>$6.63 ($1.07 / Ounce)</p><a href="https://www.amazon.com/dp/B08QJFZCDK?tag=eloabder-20&linkCode=osi&th=1&psc=1">View Product</a></div><div class="product"><a href="https://www.amazon.com/dp/B098953TJN?tag=eloabder-20&linkCode=osi&th=1&psc=1"><img src="https://m.media-amazon.com/images/I/31EsN5mPA9S._SL500_.jpg" alt="Product Image"></a><p>Petsmile Professional Pet Tooth Brushing Kit - Cat & Dog Toothbrush & Toothpaste - Control Plaque, Tartar & Bad Breath - VOHC Accepted Toothpaste - Teeth Cleaning Supplies (London Broil, 2.5 Oz)</p><p>$25.00 ($10.00 / Ounce)</p><a href="https://www.amazon.com/dp/B098953TJN?tag=eloabder-20&linkCode=osi&th=1&psc=1">View Product</a></div><div class="product"><a href="https://www.amazon.com/dp/B01KD8725Y?tag=eloabder-20&linkCode=osi&th=1&psc=1"><img src="https://m.media-amazon.com/images/I/411faxe3KUL._SL500_.jpg" alt="Product Image"></a><p>Arm & Hammer for Pets Clinical Care Dental Enzymatic Toothpaste for Dogs | Soothes Inflamed Gums | Safe for Puppies 1 Pack Fresh Breath Vanilla Ginger</p><p>$5.99 ($2.40 / Ounce)</p><a href="https://www.amazon.com/dp/B01KD8725Y?tag=eloabder-20&linkCode=osi&th=1&psc=1">View Product</a></div><div class="product"><a href="https://www.amazon.com/dp/B08QJNMHLZ?tag=eloabder-20&linkCode=osi&th=1&psc=1"><img src="https://m.media-amazon.com/images/I/41HvsSGBm5L._SL500_.jpg" alt="Product Image"></a><p>Arm & Hammer Complete Care Dog Dental Kit | 2.5 oz Chicken Flavor Enzymatic Dog Toothpaste, Toothbrush, & Finger Brush | Baking Soda Enhanced Formula for Fresh Breath and Tartar Control</p><p>$5.82 ($2.33 / Ounce)</p><a href="https://www.amazon.com/dp/B08QJNMHLZ?tag=eloabder-20&linkCode=osi&th=1&psc=1">View Product</a></div><div class="product"><a href="https://www.amazon.com/dp/B0CPQ26CG8?tag=eloabder-20&linkCode=osi&th=1&psc=1"><img src="https://m.media-amazon.com/images/I/31gKo9WixRL._SL500_.jpg" alt="Product Image"></a><p>Remineralizing Dog Toothpaste – Vet-Grade, with Nano-Hydroxyapatite, Reverses Early-Stage Decay, Cleans Teeth, Removes Tartar, Freshens Breath by Arterra Pet Science, Plant-Based, Natural Flavor, 4oz</p><p>$19.99 ($5.00 / Ounce)</p><a href="https://www.amazon.com/dp/B0CPQ26CG8?tag=eloabder-20&linkCode=osi&th=1&psc=1">View Product</a></div>


<div class="product"><a href="https://www.amazon.com/dp/B0C58GKQR3?tag=eloabder-20&linkCode=osi&th=1&psc=1"><img src="https://m.media-amazon.com/images/I/41ntA-bHrVL._SL500_.jpg" alt="Product Image"></a><p>MySimplePetLab Dog First Aid Kit | First Aid Dog Travel Accessories | Dog Medical Kit | Dog Essentials Mini First Aid for Wounds, Cuts, or Minor Injuries</p><p>$39.99 ($39.99 / Count)</p><a href="https://www.amazon.com/dp/B0C58GKQR3?tag=eloabder-20&linkCode=osi&th=1&psc=1">View Product</a></div>
<div class="product"><a href="https://www.amazon.com/dp/B0CSPNSVXK?tag=eloabder-20&linkCode=osi&th=1&psc=1"><img src="https://m.media-amazon.com/images/I/41HxJh914vL._SL500_.jpg" alt="Product Image"></a><p>Advanced Health Monitoring Pee Pads for Dogs – Color-Changing, Leak-Proof, and Odor-Control | As Seen on Shark Tank | Genius</p><p>$24.99</p><a href="https://www.amazon.com/dp/B0CSPNSVXK?tag=eloabder-20&linkCode=osi&th=1&psc=1">View Product</a></div>








<div class="product"><a href="https://www.amazon.com/dp/B002AI39QW?tag=eloabder-20&linkCode=osi&th=1&psc=1"><img src="https://m.media-amazon.com/images/I/41vafEl3pTL._SL500_.jpg" alt="Product Image"></a><p>Epi-Pet K-9 Care Sunscreen, Paws to Tail Protection, Prevents Sunburns on Dogs and Horses, Sun Protector Spray, SPF 30+, Non-Greasy/Oily Solution – 3.5 oz</p><p>$17.95</p><a href="https://www.amazon.com/dp/B002AI39QW?tag=eloabder-20&linkCode=osi&th=1&psc=1">View Product</a></div><div class="product"><a href="https://www.amazon.com/dp/B08DDJYJJC?tag=eloabder-20&linkCode=osi&th=1&psc=1"><img src="https://m.media-amazon.com/images/I/41AGRXwbz9L._SL500_.jpg" alt="Product Image"></a><p>Bodhi Dog Sunscreen | Large 8oz SPF 30+ Moisturizing Pet Sunscreen | Safe for All Breeds of Dogs, Cats and Horses | Natural Skin Protection and Conditioner for Skin, Coat, Nose, and Ears | USA Made</p><p>$13.99 ($1.75 / Fl Oz)</p><a href="https://www.amazon.com/dp/B08DDJYJJC?tag=eloabder-20&linkCode=osi&th=1&psc=1">View Product</a></div><div class="product"><a href="https://www.amazon.com/dp/B07SB22JNX?tag=eloabder-20&linkCode=osi&th=1&psc=1"><img src="https://m.media-amazon.com/images/I/41LcLbaDSXL._SL500_.jpg" alt="Product Image"></a><p>EBPP Dog Sunscreen Sun Skin Protector Spray 8 oz - Safe for All Breeds with No Zinc Oxide - Pet Protection and Moisturizer for Skin, Coat, Nose, Ears</p><p>$18.95 ($2.37 / Fl Oz)</p><a href="https://www.amazon.com/dp/B07SB22JNX?tag=eloabder-20&linkCode=osi&th=1&psc=1">View Product</a></div><div class="product"><a href="https://www.amazon.com/dp/B08Z1WPGJX?tag=eloabder-20&linkCode=osi&th=1&psc=1"><img src="https://m.media-amazon.com/images/I/41IgTyrpxBL._SL500_.jpg" alt="Product Image"></a><p>Bodhi Dog Sunscreen | Extra Large 16.5 Ounce SPF 30+ Moisturizing Pet Safe for All Breeds of Dogs, Cats and Horses | Skin Protection and Conditioner for Skin, Coat, Nose, and Ears | USA Made</p><p>$16.99</p><a href="https://www.amazon.com/dp/B08Z1WPGJX?tag=eloabder-20&linkCode=osi&th=1&psc=1">View Product</a></div><div class="product"><a href="https://www.amazon.com/dp/B0CSTCW6WL?tag=eloabder-20&linkCode=osi&th=1&psc=1"><img src="https://m.media-amazon.com/images/I/41UbNRTz7zL._SL500_.jpg" alt="Product Image"></a><p>Pet Sunscreen Balm, 60ml, SPF 15, Moisturizing, Eco-Friendly Tin, Non-Toxic Formula for Dogs and Cats</p><p>$14.99 ($0.25 / Gram)</p><a href="https://www.amazon.com/dp/B0CSTCW6WL?tag=eloabder-20&linkCode=osi&th=1&psc=1">View Product</a></div><div class="product"><a href="https://www.amazon.com/dp/B071K355ZQ?tag=eloabder-20&linkCode=osi&th=1&psc=1"><img src="https://m.media-amazon.com/images/I/51UiYOPTELL._SL500_.jpg" alt="Product Image"></a><p>SIT. STAY. FOREVER. SAFETY FIRST PET PRODUCTS Organic Sunscreen & Moisturizer for dogs and cats, 2 oz, All Natural, Waterproof, Red Raspberry Seed, Carrot Seed and Hemp Oils, Made in MAINE</p><p>$15.99 ($8.00 / Ounce)</p><a href="https://www.amazon.com/dp/B071K355ZQ?tag=eloabder-20&linkCode=osi&th=1&psc=1">View Product</a></div><div class="product"><a href="https://www.amazon.com/dp/B008F4OOM8?tag=eloabder-20&linkCode=osi&th=1&psc=1"><img src="https://m.media-amazon.com/images/I/31F67SFV7BL._SL500_.jpg" alt="Product Image"></a><p>Petkin Dog Sunscreen Sunstick – Sunscreen for Dogs and Puppies, SPF 15 – Simply Rub on Anytime for Instant Sun Protection – Vanilla Coconut Scent, .5 oz Net Weight – Ideal for Home or Travel</p><p>$11.97</p><a href="https://www.amazon.com/dp/B008F4OOM8?tag=eloabder-20&linkCode=osi&th=1&psc=1">View Product</a></div><div class="product"><a href="https://www.amazon.com/dp/B079VHFBGB?tag=eloabder-20&linkCode=osi&th=1&psc=1"><img src="https://m.media-amazon.com/images/I/51j8zibHIzL._SL500_.jpg" alt="Product Image"></a><p>Handy Hound SnoutScreen - All-Natural Organic Vet-Recommended Dog Nose balm and Paw Balm with Natural Sunscreen - Made in the USA Protect Your Dog from Harmful UVB/UVC Rays - 2 oz</p><p>$20.99 ($20.99 / Count)</p><a href="https://www.amazon.com/dp/B079VHFBGB?tag=eloabder-20&linkCode=osi&th=1&psc=1">View Product</a></div>
<div class="product"><a href="https://www.amazon.com/dp/B0D3QFMQM2?tag=eloabder-20&linkCode=osi&th=1&psc=1"><img src="https://m.media-amazon.com/images/I/41Xp-SBgePL._SL500_.jpg" alt="Product Image"></a><p>All-in-One Dog Supplement for Wellness and Longevity, 63 Ingredients for Joints, Cognition, Mood, Skin, Gut and Organ Health, Small Breeds, Vet-Formulated, Made in USA, Senior Formula for 8+ Years</p><p>$59.99 ($6.18 / Ounce)</p><a href="https://www.amazon.com/dp/B0D3QFMQM2?tag=eloabder-20&linkCode=osi&th=1&psc=1">View Product</a></div><div class="product"><a href="https://www.amazon.com/dp/B0083H586S?tag=eloabder-20&linkCode=osi&th=1&psc=1"><img src="https://m.media-amazon.com/images/I/41TpGg6ZSIL._SL500_.jpg" alt="Product Image"></a><p>NaturVet – Senior Wellness Hip & Joint Advanced Plus Omegas | Help Support Your Pet’s Healthy Hip & Joint Function | Supports Joints, Cartilage & Connective Tissues | 120 Soft Chews</p><p>$16.99 ($0.14 / Count)</p><a href="https://www.amazon.com/dp/B0083H586S?tag=eloabder-20&linkCode=osi&th=1&psc=1">View Product</a></div><div class="product"><a href="https://www.amazon.com/dp/B07FWPPGWT?tag=eloabder-20&linkCode=osi&th=1&psc=1"><img src="https://m.media-amazon.com/images/I/41+inDo9CwL._SL500_.jpg" alt="Product Image"></a><p>Critical Immune Defense for Dogs & Cats; Supports Normal Cell Growth - Turkey Tail, Reishi, Shiitake and Maitake Mushroom Formula with Patented White Turmeric Root Extract - 30-day Supply</p><p>$65.00 ($10.25 / Ounce)</p><a href="https://www.amazon.com/dp/B07FWPPGWT?tag=eloabder-20&linkCode=osi&th=1&psc=1">View Product</a></div><div class="product"><a href="https://www.amazon.com/dp/B07498ZT6K?tag=eloabder-20&linkCode=osi&th=1&psc=1"><img src="https://m.media-amazon.com/images/I/310kUj+IP1L._SL500_.jpg" alt="Product Image"></a><p>Hemp Well Hemp Thrive Oil for Dogs and Cats – 16 Ounces of Organic Hemp Oil Supplement for Dog and Cat Health, Calming, Joint Support, ImmuneHealth, and Itchy Skin Relief</p><p>$25.90 ($1.62 / Fl Oz)</p><a href="https://www.amazon.com/dp/B07498ZT6K?tag=eloabder-20&linkCode=osi&th=1&psc=1">View Product</a></div><div class="product"><a href="https://www.amazon.com/dp/B09RX31T8Z?tag=eloabder-20&linkCode=osi&th=1&psc=1"><img src="https://m.media-amazon.com/images/I/41Huq-Gip0L._SL500_.jpg" alt="Product Image"></a><p>Turkey Tail Pet Support - Dog Multivitamins and Supplements for Immune Support, Gut Health & Wellness - Grain-Free, Gluten-Free, Vet-Approved Dog Supplement (90ct)</p><p>$23.95 ($0.27 / Count)</p><a href="https://www.amazon.com/dp/B09RX31T8Z?tag=eloabder-20&linkCode=osi&th=1&psc=1">View Product</a></div><div class="product"><a href="https://www.amazon.com/dp/B09FR3KFYP?tag=eloabder-20&linkCode=osi&th=1&psc=1"><img src="https://m.media-amazon.com/images/I/51v0CdmWq5L._SL500_.jpg" alt="Product Image"></a><p>Well Loved Glucosamine for Dogs - Joint Supplement for Dogs, Made in USA, Vet Developed, Dog Joint Supplement, Glucosamine Chondroitin for Dogs, Advanced Hip and Joint Chews with MSM, Pain Relief, 120</p><p>$23.99 ($0.20 / Count)</p><a href="https://www.amazon.com/dp/B09FR3KFYP?tag=eloabder-20&linkCode=osi&th=1&psc=1">View Product</a></div><div class="product"><a href="https://www.amazon.com/dp/B09H3RBXKS?tag=eloabder-20&linkCode=osi&th=1&psc=1"><img src="https://m.media-amazon.com/images/I/51Zm0SMzn3L._SL500_.jpg" alt="Product Image"></a><p>Well Loved Probiotics for Dogs, Dog Probiotics and Digestive Enzymes, Made in USA, Vet Developed, Dog Probiotic Chews with Prebiotics, Diarrhea Treatment, for Itchy Skin, Gut Health & Gas Relief</p><p>$27.99 ($0.23 / Count)</p><a href="https://www.amazon.com/dp/B09H3RBXKS?tag=eloabder-20&linkCode=osi&th=1&psc=1">View Product</a></div>
<div class="product"><a href="https://www.amazon.com/dp/B09GJJLDWR?tag=eloabder-20&linkCode=osi&th=1&psc=1"><img src="https://m.media-amazon.com/images/I/51dYorxBpSL._SL500_.jpg" alt="Product Image"></a><p>Purina Beggin' Strips Dog Treats, Original With Bacon Flavor - (Pack of 2) 26 oz. Pouches</p><p>$21.19 ($6.52 / lb)</p><a href="https://www.amazon.com/dp/B09GJJLDWR?tag=eloabder-20&linkCode=osi&th=1&psc=1">View Product</a></div>


<div class="product"><a href="https://www.amazon.com/dp/B0009YWKUA?tag=eloabder-20&linkCode=osi&th=1&psc=1"><img src="https://m.media-amazon.com/images/I/41DzZ0HgS7L._SL500_.jpg" alt="Product Image"></a><p>Blue Buffalo Life Protection Formula Adult Dry Dog Food, Helps Build and Maintain Strong Muscles, Made with Natural Ingredients, Chicken & Brown Rice Recipe, 30-lb. Bag</p><p>$64.98 ($2.17 / lb)</p><a href="https://www.amazon.com/dp/B0009YWKUA?tag=eloabder-20&linkCode=osi&th=1&psc=1">View Product</a></div><div class="product"><a href="https://www.amazon.com/dp/B009IOCCD2?tag=eloabder-20&linkCode=osi&th=1&psc=1"><img src="https://m.media-amazon.com/images/I/41kN4rGGnEL._SL500_.jpg" alt="Product Image"></a><p>Purina ONE Dry Dog Food Lamb and Rice Formula - 31.1 lb. Bag</p><p>$48.98 ($1.57 / lb)</p><a href="https://www.amazon.com/dp/B009IOCCD2?tag=eloabder-20&linkCode=osi&th=1&psc=1">View Product</a></div><div class="product"><a href="https://www.amazon.com/dp/B00BD741WM?tag=eloabder-20&linkCode=osi&th=1&psc=1"><img src="https://m.media-amazon.com/images/I/51DjFJxGuzL._SL500_.jpg" alt="Product Image"></a><p>IAMS Adult Minichunks Small Kibble High Protein Dry Dog Food with Real Chicken, 30 lb. Bag,(Packaging may vary)</p><p>$46.98 ($1.57 / lb)</p><a href="https://www.amazon.com/dp/B00BD741WM?tag=eloabder-20&linkCode=osi&th=1&psc=1">View Product</a></div><div class="product"><a href="https://www.amazon.com/dp/B07KZCGXPS?tag=eloabder-20&linkCode=osi&th=1&psc=1"><img src="https://m.media-amazon.com/images/I/41f7ma8WlmL._SL500_.jpg" alt="Product Image"></a><p>Purina ONE True Instinct Tender Cuts in Gravy With Real Turkey and Venison, and With Real Chicken and Duck High Protein Wet Dog Food Variety Pack - (Pack of 12) 13 oz. Cans</p><p>$28.09 ($2.88 / lb)</p><a href="https://www.amazon.com/dp/B07KZCGXPS?tag=eloabder-20&linkCode=osi&th=1&psc=1">View Product</a></div><div class="product"><a href="https://www.amazon.com/dp/B00M0FHCN6?tag=eloabder-20&linkCode=osi&th=1&psc=1"><img src="https://m.media-amazon.com/images/I/51wLSFGMhDL._SL500_.jpg" alt="Product Image"></a><p>CESAR Adult Wet Dog Food Classic Loaf in Sauce Poultry Variety Pack,. Easy Peel Trays with Real Chicken, Turkey or Duck, 3.5 Ounce (Pack of 24)</p><p>$24.98 ($4.76 / lb)</p><a href="https://www.amazon.com/dp/B00M0FHCN6?tag=eloabder-20&linkCode=osi&th=1&psc=1">View Product</a></div>
<div class="product"><a href="https://www.amazon.com/dp/B08P2D95G8?tag=eloabder-20&linkCode=osi&th=1&psc=1"><img src="https://m.media-amazon.com/images/I/51-0PjesnPL._SL500_.jpg" alt="Product Image"></a><p>Pur Luv Dog Treats, Chicken Jerky for Dogs, Made with 100% Real Chicken Breast, 16 Ounces, Healthy, Easily Digestible, Long-Lasting, High Protein Dog Treat, Satisfies Dog's Urge to Chew</p><p>$11.54 ($0.72 / oz)</p><a href="https://www.amazon.com/dp/B08P2D95G8?tag=eloabder-20&linkCode=osi&th=1&psc=1">View Product</a></div><div class="product"><a href="https://www.amazon.com/dp/B01KZECQRK?tag=eloabder-20&linkCode=osi&th=1&psc=1"><img src="https://m.media-amazon.com/images/I/41mCSdSOW6L._SL500_.jpg" alt="Product Image"></a><p>Pet 'n Shape Chik 'n Hide Twists – Chicken Wrapped Rawhide Natural Dog Treats, Small, 16 oz</p><p>$15.99</p><a href="https://www.amazon.com/dp/B01KZECQRK?tag=eloabder-20&linkCode=osi&th=1&psc=1">View Product</a></div><div class="product"><a href="https://www.amazon.com/dp/B003PMQMK2?tag=eloabder-20&linkCode=osi&th=1&psc=1"><img src="https://m.media-amazon.com/images/I/51rKBA3bcNL._SL500_.jpg" alt="Product Image"></a><p>Milk-Bone MaroSnacks Dog Treats, Beef, 40 Ounce with Real Bone Marrow and Calcium</p><p>$11.48 ($4.59 / lb)</p><a href="https://www.amazon.com/dp/B003PMQMK2?tag=eloabder-20&linkCode=osi&th=1&psc=1">View Product</a></div><div class="product"><a href="https://www.amazon.com/dp/B07BVLGZW6?tag=eloabder-20&linkCode=osi&th=1&psc=1"><img src="https://m.media-amazon.com/images/I/51oBIB2I7HL._SL500_.jpg" alt="Product Image"></a><p>Good'N'Fun P-94130 Triple Flavor Wings Dog Chews, One Size</p><p>$11.65 ($0.97 / oz)</p><a href="https://www.amazon.com/dp/B07BVLGZW6?tag=eloabder-20&linkCode=osi&th=1&psc=1">View Product</a></div><div class="product"><a href="https://www.amazon.com/dp/B003P9XG68?tag=eloabder-20&linkCode=osi&th=1&psc=1"><img src="https://m.media-amazon.com/images/I/41ytS3hkBnL._SL500_.jpg" alt="Product Image"></a><p>Blue Buffalo Health Bars Natural Crunchy Dog Treats Biscuits, Pumpkin & Cinnamon 16-oz Bag</p><p>$4.98 ($0.31 / oz)</p><a href="https://www.amazon.com/dp/B003P9XG68?tag=eloabder-20&linkCode=osi&th=1&psc=1">View Product</a></div><div class="product"><a href="https://www.amazon.com/dp/B0BWBTWXN3?tag=eloabder-20&linkCode=osi&th=1&psc=1"><img src="https://m.media-amazon.com/images/I/31+dzCcvlGL._SL500_.jpg" alt="Product Image"></a><p>Vital Essentials Freeze Dried Raw Single Ingredient Dog Treats, Chicken Hearts, 1.9 oz</p><p>$9.49 ($4.99 / oz)</p><a href="https://www.amazon.com/dp/B0BWBTWXN3?tag=eloabder-20&linkCode=osi&th=1&psc=1">View Product</a></div><div class="product"><a href="https://www.amazon.com/dp/B01C47NRJC?tag=eloabder-20&linkCode=osi&th=1&psc=1"><img src="https://m.media-amazon.com/images/I/51fs1tTjYCL._SL500_.jpg" alt="Product Image"></a><p>Purina Beggin' With Real Meat Dog Treats, Fun Size Original With Bacon Flavor - 25 oz. Pouch</p><p>$11.48 ($7.35 / lb)</p><a href="https://www.amazon.com/dp/B01C47NRJC?tag=eloabder-20&linkCode=osi&th=1&psc=1">View Product</a></div><div class="product"><a href="https://www.amazon.com/dp/B07BVL8TQF?tag=eloabder-20&linkCode=osi&th=1&psc=1"><img src="https://m.media-amazon.com/images/I/41V12A43ClL._SL500_.jpg" alt="Product Image"></a><p>Good'N'Fun Triple Flavored Rawhide Kabobs for Dogs, 1.5 Pound (Pack of 1)</p><p>$17.98 ($11.99 / lb)</p><a href="https://www.amazon.com/dp/B07BVL8TQF?tag=eloabder-20&linkCode=osi&th=1&psc=1">View Product</a></div>
<div class="product"><a href="https://www.amazon.com/dp/B00G5M75UK?tag=eloabder-20&linkCode=osi&th=1&psc=1"><img src="https://m.media-amazon.com/images/I/51eJ6OzgqGL._SL500_.jpg" alt="Product Image"></a><p>Best Pet Supplies 2-in-1 Stuffless Squeaky Dog Toys with Soft, Durable Fabric for Small, Medium, and Large Pets, No Stuffing for Indoor Play, Supports Active Biting and Play - 1Wild Duck, Small</p><p>$4.99</p><a href="https://www.amazon.com/dp/B00G5M75UK?tag=eloabder-20&linkCode=osi&th=1&psc=1">View Product</a></div><div class="product"><a href="https://www.amazon.com/dp/B0BGBHXSWH?tag=eloabder-20&linkCode=osi&th=1&psc=1"><img src="https://m.media-amazon.com/images/I/510SJqCt8qL._SL500_.jpg" alt="Product Image"></a><p>Cowjag Cat Toys, Laser Pointer with 5 Adjustable Patterns, USB Recharge Laser, Long Range and 3 Modes Training Chaser Interactive Toy, Dog Laser Toy</p><p>$9.99</p><a href="https://www.amazon.com/dp/B0BGBHXSWH?tag=eloabder-20&linkCode=osi&th=1&psc=1">View Product</a></div><div class="product"><a href="https://www.amazon.com/dp/B00CPDWT2M?tag=eloabder-20&linkCode=osi&th=1&psc=1"><img src="https://m.media-amazon.com/images/I/318fAcfhAdL._SL500_.jpg" alt="Product Image"></a><p>Benebone Wishbone Durable Dog Chew Toy for Aggressive Chewers, Real Bacon, Made in USA, Medium</p><p>$9.74</p><a href="https://www.amazon.com/dp/B00CPDWT2M?tag=eloabder-20&linkCode=osi&th=1&psc=1">View Product</a></div>



<div class="product"><a href="https://www.amazon.com/dp/B00BUFYFKK?tag=eloabder-20&linkCode=osi&th=1&psc=1"><img src="https://m.media-amazon.com/images/I/51kfe3GnT3L._SL500_.jpg" alt="Product Image"></a><p>Hartz UltraGuard Purple Flea & Tick Collar for Cats and Kittens - 7 Month Protection</p><p>$3.58</p><a href="https://www.amazon.com/dp/B00BUFYFKK?tag=eloabder-20&linkCode=osi&th=1&psc=1">View Product</a></div>


<div class="product"><a href="https://www.amazon.com/dp/B005CUTWDE?tag=eloabder-20&linkCode=osi&th=1&psc=1"><img src="https://m.media-amazon.com/images/I/41j4IEfx6wL._SL500_.jpg" alt="Product Image"></a><p>Wahl USA Dry Skin & Itch Relief Pet Shampoo for Dogs – Oatmeal Formula with Coconut Lime Verbena & Pet Friendly Formula, 24 Oz - Model 820004A</p><p>$8.97</p><a href="https://www.amazon.com/dp/B005CUTWDE?tag=eloabder-20&linkCode=osi&th=1&psc=1">View Product</a></div><div class="product"><a href="https://www.amazon.com/dp/B005CUTW8O?tag=eloabder-20&linkCode=osi&th=1&psc=1"><img src="https://m.media-amazon.com/images/I/415nQL+xAbL._SL500_.jpg" alt="Product Image"></a><p>Wahl USA 4-in-1 Calming Pet Shampoo for Dogs – Cleans, Conditions, Detangles, & Moisturizes with Lavender Chamomile - Pet Friendly Formula - 24 Oz - Model 820000A</p><p>$8.48</p><a href="https://www.amazon.com/dp/B005CUTW8O?tag=eloabder-20&linkCode=osi&th=1&psc=1">View Product</a></div><div class="product"><a href="https://www.amazon.com/dp/B08ZJYBN9Y?tag=eloabder-20&linkCode=osi&th=1&psc=1"><img src="https://m.media-amazon.com/images/I/31KdutxWCzL._SL500_.jpg" alt="Product Image"></a><p>OUAI Fur Bébé Pet Shampoo, Mercer Street Scent - Dog Shampoo and Coat Wash for Hydrating, Cleansing and Adding Shine to Pet Hair - Pet Supplies by OUAI (16 Fl Oz)</p><p>$32.00</p><a href="https://www.amazon.com/dp/B08ZJYBN9Y?tag=eloabder-20&linkCode=osi&th=1&psc=1">View Product</a></div><div class="product"><a href="https://www.amazon.com/dp/B07RVD63J1?tag=eloabder-20&linkCode=osi&th=1&psc=1"><img src="https://m.media-amazon.com/images/I/31f8QK2qe2L._SL500_.jpg" alt="Product Image"></a><p>Arm & Hammer Super Deodorizing Shampoo For Dogs - Odor Eliminating Dog Shampoo For Smelly Dogs & Puppies With Arm & Hammer Baking Soda -- Kiwi Blossom Scent, 20 Fl Oz,White</p><p>$4.98</p><a href="https://www.amazon.com/dp/B07RVD63J1?tag=eloabder-20&linkCode=osi&th=1&psc=1">View Product</a></div><div class="product"><a href="https://www.amazon.com/dp/B079T44C3J?tag=eloabder-20&linkCode=osi&th=1&psc=1"><img src="https://m.media-amazon.com/images/I/41aKOigtAPL._SL500_.jpg" alt="Product Image"></a><p>Wahl USA Dry Skin & Itch Relief Pet Shampoo for Dogs – Oatmeal Formula with Coconut Lime Verbena - 64 Oz - Model 821004-050</p><p>$19.99</p><a href="https://www.amazon.com/dp/B079T44C3J?tag=eloabder-20&linkCode=osi&th=1&psc=1">View Product</a></div><div class="product"><a href="https://www.amazon.com/dp/B0791LY9MW?tag=eloabder-20&linkCode=osi&th=1&psc=1"><img src="https://m.media-amazon.com/images/I/41evpDHPYpL._SL500_.jpg" alt="Product Image"></a><p>Pawfume Dog Shampoo and Conditioner – Hypoallergenic Dog Shampoo for Smelly Dogs – Best Dog Shampoos & Conditioners – Probiotic Pet Shampoo for Dogs – Best Dog Shampoo for Puppies (Show Dog)</p><p>$12.99 ($1.08 / Fl Oz)</p><a href="https://www.amazon.com/dp/B0791LY9MW?tag=eloabder-20&linkCode=osi&th=1&psc=1">View Product</a></div><div class="product"><a href="https://www.amazon.com/dp/B018FGSTT4?tag=eloabder-20&linkCode=osi&th=1&psc=1"><img src="https://m.media-amazon.com/images/I/41879dA1aHL._SL500_.jpg" alt="Product Image"></a><p>Oatmeal Dog Shampoo & Conditioner 17oz [USA] 5 in 1 Plant-Based Organic Sulfate-Free Soap-Free-Tearless Moisturizer for Dandruff Allergies & Itchy Dry Sensitive Skin-Puppy Grooming [Pro Pet Works]</p><p>$16.99</p><a href="https://www.amazon.com/dp/B018FGSTT4?tag=eloabder-20&linkCode=osi&th=1&psc=1">View Product</a></div><div class="product"><a href="https://www.amazon.com/dp/B002GPD8BU?tag=eloabder-20&linkCode=osi&th=1&psc=1"><img src="https://m.media-amazon.com/images/I/41ctLsjd+hL._SL500_.jpg" alt="Product Image"></a><p>TropiClean 2-in-1 Papaya & Coconut Dog Shampoo and Conditioner | Natural Pet Shampoo Derived from Natural Ingredients | Cat Friendly | Made in the USA | 20 oz.</p><p>$14.99</p><a href="https://www.amazon.com/dp/B002GPD8BU?tag=eloabder-20&linkCode=osi&th=1&psc=1">View Product</a></div><div class="product"><a href="https://www.amazon.com/dp/B07K6JSBRB?tag=eloabder-20&linkCode=osi&th=1&psc=1"><img src="https://m.media-amazon.com/images/I/41kU4IxjB1L._SL500_.jpg" alt="Product Image"></a><p>Pet Honesty Chlorhexidine Cat & Dog Anti-itch Shampoo, for Allergies, Itching, Dog Skin and Coat Supplement, Helps Shedding, Hot Spots, Deodorizing Dog Shampoo, Dog Grooming Supplies,16oz</p><p>$20.99</p><a href="https://www.amazon.com/dp/B07K6JSBRB?tag=eloabder-20&linkCode=osi&th=1&psc=1">View Product</a></div>
<div class="product"><a href="https://www.amazon.com/dp/B002CZR9QY?tag=eloabder-20&linkCode=osi&th=1&psc=1"><img src="https://m.media-amazon.com/images/I/31SypTuKXPL._SL500_.jpg" alt="Product Image"></a><p>Veterinary Formula Smart Coat Complex Ultra Oatmeal Moisturizing Conditioner for Dogs, 17 Fl oz – with Colloidal Oatmeal & Jojoba – Leaves Coat Soft, Shiny, Hydrated, Strong, with Long-Lasting Scent</p><p>$9.99</p><a href="https://www.amazon.com/dp/B002CZR9QY?tag=eloabder-20&linkCode=osi&th=1&psc=1">View Product</a></div><div class="product"><a href="https://www.amazon.com/dp/B00CVTROQ6?tag=eloabder-20&linkCode=osi&th=1&psc=1"><img src="https://m.media-amazon.com/images/I/41aR-yjG0JL._SL500_.jpg" alt="Product Image"></a><p>Burt's Bees for Pets Naturally Derived Oatmeal Conditioner with Colloidal Oat Flour & Honey - Dog Oatmeal Shampoo - Cruelty Free, Made in the USA - 10 Oz</p><p>$7.98</p><a href="https://www.amazon.com/dp/B00CVTROQ6?tag=eloabder-20&linkCode=osi&th=1&psc=1">View Product</a></div><div class="product"><a href="https://www.amazon.com/dp/B002GPEMCE?tag=eloabder-20&linkCode=osi&th=1&psc=1"><img src="https://m.media-amazon.com/images/I/41aROtv96VL._SL500_.jpg" alt="Product Image"></a><p>TropiClean Kiwi & Coco Butter Moisturizing Dog Conditioner | Natural Pet Conditioner Derived from Natural Ingredients | Cat Friendly | Made in the USA | 20 oz.</p><p>$14.99</p><a href="https://www.amazon.com/dp/B002GPEMCE?tag=eloabder-20&linkCode=osi&th=1&psc=1">View Product</a></div><div class="product"><a href="https://www.amazon.com/dp/B0733Q6FZS?tag=eloabder-20&linkCode=osi&th=1&psc=1"><img src="https://m.media-amazon.com/images/I/41UVp4A19EL._SL500_.jpg" alt="Product Image"></a><p>earthbath, Oatmeal & Aloe Dog Shampoo and Conditioner - Oatmeal Shampoo for Dogs, Itchy, Dry Skin Relief, Dog Wash, Made in USA, Dog Conditioner, Pet Shampoos - Vanilla & Almond, 16 Oz (1 Set)</p><p>$29.50</p><a href="https://www.amazon.com/dp/B0733Q6FZS?tag=eloabder-20&linkCode=osi&th=1&psc=1">View Product</a></div><div class="product"><a href="https://www.amazon.com/dp/B00LNEDFVS?tag=eloabder-20&linkCode=osi&th=1&psc=1"><img src="https://m.media-amazon.com/images/I/31wJ3gR-zkL._SL500_.jpg" alt="Product Image"></a><p>earthbath Oatmeal & Aloe Conditioner, Fragrance Free, 16 oz – Dog Conditioner for Allergies and Itching, Dry Skin – Made in USA</p><p>$17.31</p><a href="https://www.amazon.com/dp/B00LNEDFVS?tag=eloabder-20&linkCode=osi&th=1&psc=1">View Product</a></div><div class="product"><a href="https://www.amazon.com/dp/B088S8XKJN?tag=eloabder-20&linkCode=osi&th=1&psc=1"><img src="https://m.media-amazon.com/images/I/31PU8NG6t6L._SL500_.jpg" alt="Product Image"></a><p>BioSilk for Dogs Silk Therapy Detangling Conditioner | Sulfate and Paraben Free Matted Hair Dog Detangler Conditioner for All Adult Dogs, 12 Fl Oz Made in The USA,Beige</p><p>$9.99</p><a href="https://www.amazon.com/dp/B088S8XKJN?tag=eloabder-20&linkCode=osi&th=1&psc=1">View Product</a></div><div class="product"><a href="https://www.amazon.com/dp/B08P4T75LL?tag=eloabder-20&linkCode=osi&th=1&psc=1"><img src="https://m.media-amazon.com/images/I/31rhZnbNzgL._SL500_.jpg" alt="Product Image"></a><p>PET Head Sensitive Soul Conditioner for Dogs with Sensitive Skin 8.4 fl. oz. Coconut Scent. Hypoallergenic and Soothing, Natural Ingredients and Vegan. Gentle Formula for Puppies. Made in USA</p><p>$15.99</p><a href="https://www.amazon.com/dp/B08P4T75LL?tag=eloabder-20&linkCode=osi&th=1&psc=1">View Product</a></div>

<div class="product"><a href="https://www.amazon.com/dp/B07SHGK4M5?tag=eloabder-20&linkCode=osi&th=1&psc=1"><img src="https://m.media-amazon.com/images/I/5130vs0twCL._SL500_.jpg" alt="Product Image"></a><p>GNAWRISHING Flea Comb 4Pcs with High Strength Teeth Pet Tear Stain Remover Combs, Pet Dog Cat Grooming Comb Set Effective Float Hair Remover</p><p>$5.98</p><a href="https://www.amazon.com/dp/B07SHGK4M5?tag=eloabder-20&linkCode=osi&th=1&psc=1">View Product</a></div>

<div class="product"><a href="https://www.amazon.com/dp/B00MW8G3YU?tag=eloabder-20&linkCode=osi&th=1&psc=1"><img src="https://m.media-amazon.com/images/I/31KsVrUeevL._SL500_.jpg" alt="Product Image"></a><p>Amazon Basics Dog and Puppy Pee Pads with 5-Layer Leak-Proof Design and Quick-Dry Surface for Potty Training, Standard Absorbency, Regular Size, 22 x 22 Inch - Pack of 50, Blue & White</p><p>$11.85 ($0.24 / Count)</p><a href="https://www.amazon.com/dp/B00MW8G3YU?tag=eloabder-20&linkCode=osi&th=1&psc=1">View Product</a></div><div class="product"><a href="https://www.amazon.com/dp/B0CXM4NGZG?tag=eloabder-20&linkCode=osi&th=1&psc=1"><img src="https://m.media-amazon.com/images/I/41bxvVfBFkL._SL500_.jpg" alt="Product Image"></a><p>Dog Ear Cleaner Finger Wipes，Premium Ear Finger Wipes for Dogs Cats 50 Pcs Reduce Earwax Buildup Sooths Deodorizes Relieve Ear Itching Inflammation, Fresh Coconut Scent, Natural Ingredients (100 Pcs)</p><p>$12.34</p><a href="https://www.amazon.com/dp/B0CXM4NGZG?tag=eloabder-20&linkCode=osi&th=1&psc=1">View Product</a></div>













<div class="product"><a href="https://www.amazon.com/dp/B00PQ5UH0C?tag=eloabder-20&linkCode=osi&th=1&psc=1"><img src="https://m.media-amazon.com/images/I/51mFFpJO-aL._SL500_.jpg" alt="Product Image"></a><p>Wobble Wag Giggle Ball, Interactive Dog Toy, Fun Giggle Sounds When Rolled or Shaken, Pets Know Best, As Seen On TV</p><p>$14.99</p><a href="https://www.amazon.com/dp/B00PQ5UH0C?tag=eloabder-20&linkCode=osi&th=1&psc=1">View Product</a></div><div class="product"><a href="https://www.amazon.com/dp/B0054C9B1I?tag=eloabder-20&linkCode=osi&th=1&psc=1"><img src="https://m.media-amazon.com/images/I/51ubAM+J5DL._SL500_.jpg" alt="Product Image"></a><p>Hyper Pet Doggie Tail Interactive Plush Dog Toys (Wiggles, Vibrates, and Barks, Stimulating Play)</p><p>$16.77</p><a href="https://www.amazon.com/dp/B0054C9B1I?tag=eloabder-20&linkCode=osi&th=1&psc=1">View Product</a></div>






<div class="product"><a href="https://www.amazon.com/dp/B00JZHRYFI?tag=eloabder-20&linkCode=osi&th=1&psc=1"><img src="https://m.media-amazon.com/images/I/41xHqz3QFML._SL500_.jpg" alt="Product Image"></a><p>PetSafe Happy Ride Metal Dog Barrier - Adjusts to Fit Your Vehicle - Keeps Pets Off Passenger Seats - Sturdy Construction</p><p>$55.21</p><a href="https://www.amazon.com/dp/B00JZHRYFI?tag=eloabder-20&linkCode=osi&th=1&psc=1">View Product</a></div>

<div class="product"><a href="https://www.amazon.com/dp/B0CVXNKVWC?tag=eloabder-20&linkCode=osi&th=1&psc=1"><img src="https://m.media-amazon.com/images/I/41dsqiNkA+L._SL500_.jpg" alt="Product Image"></a><p>Jazzy Fuzzy Pet Heating Pad, 6 Adjustable Temperature Dog Cat Heating Pad with Timer, Waterproof Heating Pad Indoor for Dogs with Chew Resistant Cord (S:18" x 16")</p><p>$29.66</p><a href="https://www.amazon.com/dp/B0CVXNKVWC?tag=eloabder-20&linkCode=osi&th=1&psc=1">View Product</a></div>
<div class="product"><a href="https://www.amazon.com/dp/B0BPQRR1PN?tag=eloabder-20&linkCode=osi&th=1&psc=1"><img src="https://m.media-amazon.com/images/I/41Ppxz4+IFL._SL500_.jpg" alt="Product Image"></a><p>Newday Dog Toothbrush Set of 8 - Dual Headed, Dental Hygiene Convenient Soft Toothbrush to Clean pet Teeth, Dog Tooth Brushes for Small to Large Dogs, Cats, and Most Pets, Teeth Brush in Bulk</p><p>$6.99 ($0.87 / Count)</p><a href="https://www.amazon.com/dp/B0BPQRR1PN?tag=eloabder-20&linkCode=osi&th=1&psc=1">View Product</a></div><div class="product"><a href="https://www.amazon.com/dp/B0BRMQHYTW?tag=eloabder-20&linkCode=osi&th=1&psc=1"><img src="https://m.media-amazon.com/images/I/41hDIKxNIUL._SL500_.jpg" alt="Product Image"></a><p>HICC PET Teeth Cleaning Wipes for Dogs & Cats, Remove Bad Breath by Removing Plaque and Tartar Buildup No-Rinse Dog Finger Toothbrush, Disposable Gentle Cleaning & Gum Care Pet Wipes, 50 Counts</p><p>$15.99</p><a href="https://www.amazon.com/dp/B0BRMQHYTW?tag=eloabder-20&linkCode=osi&th=1&psc=1">View Product</a></div><div class="product"><a href="https://www.amazon.com/dp/B098PF4NPQ?tag=eloabder-20&linkCode=osi&th=1&psc=1"><img src="https://m.media-amazon.com/images/I/51J4B-P+q5L._SL500_.jpg" alt="Product Image"></a><p>Jasper Dog Toothbrush, 360º Dog Tooth Brushing Kit, Cat Toothbrush, Dog Teeth Cleaning, Dog Finger Toothbrush, Dog Tooth Brush for Small & Large Pets, Dog Toothpaste Not Included - Blue 2-Pack</p><p>$13.99 ($7.00 / Count)</p><a href="https://www.amazon.com/dp/B098PF4NPQ?tag=eloabder-20&linkCode=osi&th=1&psc=1">View Product</a></div><div class="product"><a href="https://www.amazon.com/dp/B08B7238H5?tag=eloabder-20&linkCode=osi&th=1&psc=1"><img src="https://m.media-amazon.com/images/I/41TrsZlWCuL._SL500_.jpg" alt="Product Image"></a><p>Pet Toothbrush for Dogs, Cats with Soft Bristles - Easy Teeth Cleaning & Dental Care, Non Slip Dual Head Dog Toothbrush</p><p>$6.79</p><a href="https://www.amazon.com/dp/B08B7238H5?tag=eloabder-20&linkCode=osi&th=1&psc=1">View Product</a></div><div class="product"><a href="https://www.amazon.com/dp/B0C3M7TD8R?tag=eloabder-20&linkCode=osi&th=1&psc=1"><img src="https://m.media-amazon.com/images/I/51COSpzGOjL._SL500_.jpg" alt="Product Image"></a><p>VIWIK 4Pack Dog Toothbrush Dog Tooth Brushing Kit, Cat Finger Toothbrush for Dogs Small Breed, Medium Large Dogs, Puppy Toothbrush for Dog Teeth Cleaning & Dental Care, Pet Finger Toothbrush Kit</p><p>$6.49 ($1.62 / Count)</p><a href="https://www.amazon.com/dp/B0C3M7TD8R?tag=eloabder-20&linkCode=osi&th=1&psc=1">View Product</a></div><div class="product"><a href="https://www.amazon.com/dp/B00B5RFJB2?tag=eloabder-20&linkCode=osi&th=1&psc=1"><img src="https://m.media-amazon.com/images/I/414Mxf1TTTL._SL500_.jpg" alt="Product Image"></a><p>Arm & Hammer for Pets Tartar Control Kit for Dogs | Contains Toothpaste, Toothbrush & Fingerbrush | Reduces Plaque & Tartar Buildup | Safe for Puppies, 3-Piece , Beef Flavor</p><p>$7.89 ($3.16 / Ounce)</p><a href="https://www.amazon.com/dp/B00B5RFJB2?tag=eloabder-20&linkCode=osi&th=1&psc=1">View Product</a></div><div class="product"><a href="https://www.amazon.com/dp/B0BRXMC97P?tag=eloabder-20&linkCode=osi&th=1&psc=1"><img src="https://m.media-amazon.com/images/I/31EQPPcpx-L._SL500_.jpg" alt="Product Image"></a><p>JAYU PET Dental Care Brush (Soft Bristles) - Toothbrush for Cat and Small Dog with Horizontal Head & Easy Grip Handle (1)</p><p>$9.99</p><a href="https://www.amazon.com/dp/B0BRXMC97P?tag=eloabder-20&linkCode=osi&th=1&psc=1">View Product</a></div><div class="product"><a href="https://www.amazon.com/dp/B09SXPVN5D?tag=eloabder-20&linkCode=osi&th=1&psc=1"><img src="https://m.media-amazon.com/images/I/41VfEMZtHxL._SL500_.jpg" alt="Product Image"></a><p>EASYA Double Headed Pet Dog Toothbrush for Small Dogs/Soft Bristles Puppy Long Handle Tooth Brush Dogs Teeth Cleaning/Bulk Toothbrushes Dental & Oral Care… (MIXED10)</p><p>$4.99 ($4.99 / Count)</p><a href="https://www.amazon.com/dp/B09SXPVN5D?tag=eloabder-20&linkCode=osi&th=1&psc=1">View Product</a></div><div class="product"><a href="https://www.amazon.com/dp/B06XKJNFXX?tag=eloabder-20&linkCode=osi&th=1&psc=1"><img src="https://m.media-amazon.com/images/I/51tetoX-VcL._SL500_.jpg" alt="Product Image"></a><p>Vet's Best Dog Toothbrush & Enzymatic Toothpaste Kit - Teeth Cleaning - Made with Natural Ingredients - Reduces Plaque, Whitens Teeth, Freshens Breath - Bonus Care Guide & Finger Brush Included</p><p>$9.26</p><a href="https://www.amazon.com/dp/B06XKJNFXX?tag=eloabder-20&linkCode=osi&th=1&psc=1">View Product</a></div>
<div class="product"><a href="https://www.amazon.com/dp/B00RZDXA7K?tag=eloabder-20&linkCode=osi&th=1&psc=1"><img src="https://m.media-amazon.com/images/I/41gpC5xESnL._SL500_.jpg" alt="Product Image"></a><p>Virbac CET Enzymatic Toothpaste| Eliminates Bad Breath by Removing Plaque & Tartar Buildup | Best Pet Dental Care Toothpaste | Poultry Flavor, 2.5 oz tube</p><p>$11.52 ($4.61 / Ounce)</p><a href="https://www.amazon.com/dp/B00RZDXA7K?tag=eloabder-20&linkCode=osi&th=1&psc=1">View Product</a></div><div class="product"><a href="https://www.amazon.com/dp/B08QJPJNGY?tag=eloabder-20&linkCode=osi&th=1&psc=1"><img src="https://m.media-amazon.com/images/I/41AHDzkNc5L._SL500_.jpg" alt="Product Image"></a><p>Arm & Hammer Complete Care Enzymatic Dog Toothpaste, 6.2 oz - Dog Toothpaste for Puppies and Adult Dogs, Arm and Hammer Toothpaste for Dogs - Pet Toothpaste, Dog Dental Care and Clean Dog Teeth</p><p>$5.82 ($0.94 / Ounce)</p><a href="https://www.amazon.com/dp/B08QJPJNGY?tag=eloabder-20&linkCode=osi&th=1&psc=1">View Product</a></div><div class="product"><a href="https://www.amazon.com/dp/B0778GHYXP?tag=eloabder-20&linkCode=osi&th=1&psc=1"><img src="https://m.media-amazon.com/images/I/41fl3mRiRtL._SL500_.jpg" alt="Product Image"></a><p>Petsmile Professional Pet Toothpaste - Cat & Dog Teeth Cleaning Supplies - Controls Plaque, Tartar, & Bad Breath - VOHC Accepted Toothpaste - Pet Dental Care Essentials (London Broil, 2.5 Oz)</p><p>$14.99</p><a href="https://www.amazon.com/dp/B0778GHYXP?tag=eloabder-20&linkCode=osi&th=1&psc=1">View Product</a></div><div class="product"><a href="https://www.amazon.com/dp/B0002AQMZU?tag=eloabder-20&linkCode=osi&th=1&psc=1"><img src="https://m.media-amazon.com/images/I/31bv4h2hNOL._SL500_.jpg" alt="Product Image"></a><p>Vet’s Best Enzymatic Dog Toothpaste | Teeth Cleaning and Fresh Breath Dental Care Gel | Vet Formulated | 3.5 Ounces | Grape flavor</p><p>$11.48</p><a href="https://www.amazon.com/dp/B0002AQMZU?tag=eloabder-20&linkCode=osi&th=1&psc=1">View Product</a></div><div class="product"><a href="https://www.amazon.com/dp/B00025K0R6?tag=eloabder-20&linkCode=osi&th=1&psc=1"><img src="https://m.media-amazon.com/images/I/41RMHNoofoL._SL500_.jpg" alt="Product Image"></a><p>Petrodex Toothpaste for Dogs and Puppies, Cleans Teeth and Fights Bad Breath, Reduces Plaque and Tartar Formation, Enzymatic Toothpaste, Poultry Flavor, 6.2oz</p><p>$10.03 ($1.62 / Ounce)</p><a href="https://www.amazon.com/dp/B00025K0R6?tag=eloabder-20&linkCode=osi&th=1&psc=1">View Product</a></div><div class="product"><a href="https://www.amazon.com/dp/B08QJFZCDK?tag=eloabder-20&linkCode=osi&th=1&psc=1"><img src="https://m.media-amazon.com/images/I/41bOWd5qb3L._SL500_.jpg" alt="Product Image"></a><p>Arm & Hammer Complete Care Enzymatic Dog Toothpaste Value Size | 6.2 oz Peanut Butter Flavor Enzymatic Dog Toothpaste for Puppies | Great Tasting Dog Toothpaste with Arm & Hammer Baking Soda</p><p>$6.63 ($1.07 / Ounce)</p><a href="https://www.amazon.com/dp/B08QJFZCDK?tag=eloabder-20&linkCode=osi&th=1&psc=1">View Product</a></div><div class="product"><a href="https://www.amazon.com/dp/B098953TJN?tag=eloabder-20&linkCode=osi&th=1&psc=1"><img src="https://m.media-amazon.com/images/I/31EsN5mPA9S._SL500_.jpg" alt="Product Image"></a><p>Petsmile Professional Pet Tooth Brushing Kit - Cat & Dog Toothbrush & Toothpaste - Control Plaque, Tartar & Bad Breath - VOHC Accepted Toothpaste - Teeth Cleaning Supplies (London Broil, 2.5 Oz)</p><p>$25.00 ($10.00 / Ounce)</p><a href="https://www.amazon.com/dp/B098953TJN?tag=eloabder-20&linkCode=osi&th=1&psc=1">View Product</a></div><div class="product"><a href="https://www.amazon.com/dp/B01KD8725Y?tag=eloabder-20&linkCode=osi&th=1&psc=1"><img src="https://m.media-amazon.com/images/I/411faxe3KUL._SL500_.jpg" alt="Product Image"></a><p>Arm & Hammer for Pets Clinical Care Dental Enzymatic Toothpaste for Dogs | Soothes Inflamed Gums | Safe for Puppies 1 Pack Fresh Breath Vanilla Ginger</p><p>$5.99 ($2.40 / Ounce)</p><a href="https://www.amazon.com/dp/B01KD8725Y?tag=eloabder-20&linkCode=osi&th=1&psc=1">View Product</a></div><div class="product"><a href="https://www.amazon.com/dp/B08QJNMHLZ?tag=eloabder-20&linkCode=osi&th=1&psc=1"><img src="https://m.media-amazon.com/images/I/41HvsSGBm5L._SL500_.jpg" alt="Product Image"></a><p>Arm & Hammer Complete Care Dog Dental Kit | 2.5 oz Chicken Flavor Enzymatic Dog Toothpaste, Toothbrush, & Finger Brush | Baking Soda Enhanced Formula for Fresh Breath and Tartar Control</p><p>$5.82 ($2.33 / Ounce)</p><a href="https://www.amazon.com/dp/B08QJNMHLZ?tag=eloabder-20&linkCode=osi&th=1&psc=1">View Product</a></div><div class="product"><a href="https://www.amazon.com/dp/B0CPQ26CG8?tag=eloabder-20&linkCode=osi&th=1&psc=1"><img src="https://m.media-amazon.com/images/I/31gKo9WixRL._SL500_.jpg" alt="Product Image"></a><p>Remineralizing Dog Toothpaste – Vet-Grade, with Nano-Hydroxyapatite, Reverses Early-Stage Decay, Cleans Teeth, Removes Tartar, Freshens Breath by Arterra Pet Science, Plant-Based, Natural Flavor, 4oz</p><p>$19.99 ($5.00 / Ounce)</p><a href="https://www.amazon.com/dp/B0CPQ26CG8?tag=eloabder-20&linkCode=osi&th=1&psc=1">View Product</a></div>


<div class="product"><a href="https://www.amazon.com/dp/B0C58GKQR3?tag=eloabder-20&linkCode=osi&th=1&psc=1"><img src="https://m.media-amazon.com/images/I/41ntA-bHrVL._SL500_.jpg" alt="Product Image"></a><p>MySimplePetLab Dog First Aid Kit | First Aid Dog Travel Accessories | Dog Medical Kit | Dog Essentials Mini First Aid for Wounds, Cuts, or Minor Injuries</p><p>$39.99 ($39.99 / Count)</p><a href="https://www.amazon.com/dp/B0C58GKQR3?tag=eloabder-20&linkCode=osi&th=1&psc=1">View Product</a></div>
<div class="product"><a href="https://www.amazon.com/dp/B0CSPNSVXK?tag=eloabder-20&linkCode=osi&th=1&psc=1"><img src="https://m.media-amazon.com/images/I/41HxJh914vL._SL500_.jpg" alt="Product Image"></a><p>Advanced Health Monitoring Pee Pads for Dogs – Color-Changing, Leak-Proof, and Odor-Control | As Seen on Shark Tank | Genius</p><p>$24.99</p><a href="https://www.amazon.com/dp/B0CSPNSVXK?tag=eloabder-20&linkCode=osi&th=1&psc=1">View Product</a></div>








<div class="product"><a href="https://www.amazon.com/dp/B002AI39QW?tag=eloabder-20&linkCode=osi&th=1&psc=1"><img src="https://m.media-amazon.com/images/I/41vafEl3pTL._SL500_.jpg" alt="Product Image"></a><p>Epi-Pet K-9 Care Sunscreen, Paws to Tail Protection, Prevents Sunburns on Dogs and Horses, Sun Protector Spray, SPF 30+, Non-Greasy/Oily Solution – 3.5 oz</p><p>$17.95</p><a href="https://www.amazon.com/dp/B002AI39QW?tag=eloabder-20&linkCode=osi&th=1&psc=1">View Product</a></div><div class="product"><a href="https://www.amazon.com/dp/B08DDJYJJC?tag=eloabder-20&linkCode=osi&th=1&psc=1"><img src="https://m.media-amazon.com/images/I/41AGRXwbz9L._SL500_.jpg" alt="Product Image"></a><p>Bodhi Dog Sunscreen | Large 8oz SPF 30+ Moisturizing Pet Sunscreen | Safe for All Breeds of Dogs, Cats and Horses | Natural Skin Protection and Conditioner for Skin, Coat, Nose, and Ears | USA Made</p><p>$13.99 ($1.75 / Fl Oz)</p><a href="https://www.amazon.com/dp/B08DDJYJJC?tag=eloabder-20&linkCode=osi&th=1&psc=1">View Product</a></div><div class="product"><a href="https://www.amazon.com/dp/B07SB22JNX?tag=eloabder-20&linkCode=osi&th=1&psc=1"><img src="https://m.media-amazon.com/images/I/41LcLbaDSXL._SL500_.jpg" alt="Product Image"></a><p>EBPP Dog Sunscreen Sun Skin Protector Spray 8 oz - Safe for All Breeds with No Zinc Oxide - Pet Protection and Moisturizer for Skin, Coat, Nose, Ears</p><p>$18.95 ($2.37 / Fl Oz)</p><a href="https://www.amazon.com/dp/B07SB22JNX?tag=eloabder-20&linkCode=osi&th=1&psc=1">View Product</a></div><div class="product"><a href="https://www.amazon.com/dp/B08Z1WPGJX?tag=eloabder-20&linkCode=osi&th=1&psc=1"><img src="https://m.media-amazon.com/images/I/41IgTyrpxBL._SL500_.jpg" alt="Product Image"></a><p>Bodhi Dog Sunscreen | Extra Large 16.5 Ounce SPF 30+ Moisturizing Pet Safe for All Breeds of Dogs, Cats and Horses | Skin Protection and Conditioner for Skin, Coat, Nose, and Ears | USA Made</p><p>$16.99</p><a href="https://www.amazon.com/dp/B08Z1WPGJX?tag=eloabder-20&linkCode=osi&th=1&psc=1">View Product</a></div><div class="product"><a href="https://www.amazon.com/dp/B0CSTCW6WL?tag=eloabder-20&linkCode=osi&th=1&psc=1"><img src="https://m.media-amazon.com/images/I/41UbNRTz7zL._SL500_.jpg" alt="Product Image"></a><p>Pet Sunscreen Balm, 60ml, SPF 15, Moisturizing, Eco-Friendly Tin, Non-Toxic Formula for Dogs and Cats</p><p>$14.99 ($0.25 / Gram)</p><a href="https://www.amazon.com/dp/B0CSTCW6WL?tag=eloabder-20&linkCode=osi&th=1&psc=1">View Product</a></div><div class="product"><a href="https://www.amazon.com/dp/B071K355ZQ?tag=eloabder-20&linkCode=osi&th=1&psc=1"><img src="https://m.media-amazon.com/images/I/51UiYOPTELL._SL500_.jpg" alt="Product Image"></a><p>SIT. STAY. FOREVER. SAFETY FIRST PET PRODUCTS Organic Sunscreen & Moisturizer for dogs and cats, 2 oz, All Natural, Waterproof, Red Raspberry Seed, Carrot Seed and Hemp Oils, Made in MAINE</p><p>$15.99 ($8.00 / Ounce)</p><a href="https://www.amazon.com/dp/B071K355ZQ?tag=eloabder-20&linkCode=osi&th=1&psc=1">View Product</a></div><div class="product"><a href="https://www.amazon.com/dp/B008F4OOM8?tag=eloabder-20&linkCode=osi&th=1&psc=1"><img src="https://m.media-amazon.com/images/I/31F67SFV7BL._SL500_.jpg" alt="Product Image"></a><p>Petkin Dog Sunscreen Sunstick – Sunscreen for Dogs and Puppies, SPF 15 – Simply Rub on Anytime for Instant Sun Protection – Vanilla Coconut Scent, .5 oz Net Weight – Ideal for Home or Travel</p><p>$11.97</p><a href="https://www.amazon.com/dp/B008F4OOM8?tag=eloabder-20&linkCode=osi&th=1&psc=1">View Product</a></div><div class="product"><a href="https://www.amazon.com/dp/B079VHFBGB?tag=eloabder-20&linkCode=osi&th=1&psc=1"><img src="https://m.media-amazon.com/images/I/51j8zibHIzL._SL500_.jpg" alt="Product Image"></a><p>Handy Hound SnoutScreen - All-Natural Organic Vet-Recommended Dog Nose balm and Paw Balm with Natural Sunscreen - Made in the USA Protect Your Dog from Harmful UVB/UVC Rays - 2 oz</p><p>$20.99 ($20.99 / Count)</p><a href="https://www.amazon.com/dp/B079VHFBGB?tag=eloabder-20&linkCode=osi&th=1&psc=1">View Product</a></div>
<div class="product"><a href="https://www.amazon.com/dp/B0D3QFMQM2?tag=eloabder-20&linkCode=osi&th=1&psc=1"><img src="https://m.media-amazon.com/images/I/41Xp-SBgePL._SL500_.jpg" alt="Product Image"></a><p>All-in-One Dog Supplement for Wellness and Longevity, 63 Ingredients for Joints, Cognition, Mood, Skin, Gut and Organ Health, Small Breeds, Vet-Formulated, Made in USA, Senior Formula for 8+ Years</p><p>$59.99 ($6.18 / Ounce)</p><a href="https://www.amazon.com/dp/B0D3QFMQM2?tag=eloabder-20&linkCode=osi&th=1&psc=1">View Product</a></div><div class="product"><a href="https://www.amazon.com/dp/B0083H586S?tag=eloabder-20&linkCode=osi&th=1&psc=1"><img src="https://m.media-amazon.com/images/I/41TpGg6ZSIL._SL500_.jpg" alt="Product Image"></a><p>NaturVet – Senior Wellness Hip & Joint Advanced Plus Omegas | Help Support Your Pet’s Healthy Hip & Joint Function | Supports Joints, Cartilage & Connective Tissues | 120 Soft Chews</p><p>$16.99 ($0.14 / Count)</p><a href="https://www.amazon.com/dp/B0083H586S?tag=eloabder-20&linkCode=osi&th=1&psc=1">View Product</a></div><div class="product"><a href="https://www.amazon.com/dp/B07FWPPGWT?tag=eloabder-20&linkCode=osi&th=1&psc=1"><img src="https://m.media-amazon.com/images/I/41+inDo9CwL._SL500_.jpg" alt="Product Image"></a><p>Critical Immune Defense for Dogs & Cats; Supports Normal Cell Growth - Turkey Tail, Reishi, Shiitake and Maitake Mushroom Formula with Patented White Turmeric Root Extract - 30-day Supply</p><p>$65.00 ($10.25 / Ounce)</p><a href="https://www.amazon.com/dp/B07FWPPGWT?tag=eloabder-20&linkCode=osi&th=1&psc=1">View Product</a></div><div class="product"><a href="https://www.amazon.com/dp/B07498ZT6K?tag=eloabder-20&linkCode=osi&th=1&psc=1"><img src="https://m.media-amazon.com/images/I/310kUj+IP1L._SL500_.jpg" alt="Product Image"></a><p>Hemp Well Hemp Thrive Oil for Dogs and Cats – 16 Ounces of Organic Hemp Oil Supplement for Dog and Cat Health, Calming, Joint Support, ImmuneHealth, and Itchy Skin Relief</p><p>$25.90 ($1.62 / Fl Oz)</p><a href="https://www.amazon.com/dp/B07498ZT6K?tag=eloabder-20&linkCode=osi&th=1&psc=1">View Product</a></div><div class="product"><a href="https://www.amazon.com/dp/B09RX31T8Z?tag=eloabder-20&linkCode=osi&th=1&psc=1"><img src="https://m.media-amazon.com/images/I/41Huq-Gip0L._SL500_.jpg" alt="Product Image"></a><p>Turkey Tail Pet Support - Dog Multivitamins and Supplements for Immune Support, Gut Health & Wellness - Grain-Free, Gluten-Free, Vet-Approved Dog Supplement (90ct)</p><p>$23.95 ($0.27 / Count)</p><a href="https://www.amazon.com/dp/B09RX31T8Z?tag=eloabder-20&linkCode=osi&th=1&psc=1">View Product</a></div><div class="product"><a href="https://www.amazon.com/dp/B09FR3KFYP?tag=eloabder-20&linkCode=osi&th=1&psc=1"><img src="https://m.media-amazon.com/images/I/51v0CdmWq5L._SL500_.jpg" alt="Product Image"></a><p>Well Loved Glucosamine for Dogs - Joint Supplement for Dogs, Made in USA, Vet Developed, Dog Joint Supplement, Glucosamine Chondroitin for Dogs, Advanced Hip and Joint Chews with MSM, Pain Relief, 120</p><p>$23.99 ($0.20 / Count)</p><a href="https://www.amazon.com/dp/B09FR3KFYP?tag=eloabder-20&linkCode=osi&th=1&psc=1">View Product</a></div><div class="product"><a href="https://www.amazon.com/dp/B09H3RBXKS?tag=eloabder-20&linkCode=osi&th=1&psc=1"><img src="https://m.media-amazon.com/images/I/51Zm0SMzn3L._SL500_.jpg" alt="Product Image"></a><p>Well Loved Probiotics for Dogs, Dog Probiotics and Digestive Enzymes, Made in USA, Vet Developed, Dog Probiotic Chews with Prebiotics, Diarrhea Treatment, for Itchy Skin, Gut Health & Gas Relief</p><p>$27.99 ($0.23 / Count)</p><a href="https://www.amazon.com/dp/B09H3RBXKS?tag=eloabder-20&linkCode=osi&th=1&psc=1">View Product</a></div>
<div class="product"><a href="https://www.amazon.com/dp/B09GJJLDWR?tag=eloabder-20&linkCode=osi&th=1&psc=1"><img src="https://m.media-amazon.com/images/I/51dYorxBpSL._SL500_.jpg" alt="Product Image"></a><p>Purina Beggin' Strips Dog Treats, Original With Bacon Flavor - (Pack of 2) 26 oz. Pouches</p><p>$21.19 ($6.52 / lb)</p><a href="https://www.amazon.com/dp/B09GJJLDWR?tag=eloabder-20&linkCode=osi&th=1&psc=1">View Product</a></div>


<div class="product"><a href="https://www.amazon.com/dp/B0009YWKUA?tag=eloabder-20&linkCode=osi&th=1&psc=1"><img src="https://m.media-amazon.com/images/I/41DzZ0HgS7L._SL500_.jpg" alt="Product Image"></a><p>Blue Buffalo Life Protection Formula Adult Dry Dog Food, Helps Build and Maintain Strong Muscles, Made with Natural Ingredients, Chicken & Brown Rice Recipe, 30-lb. Bag</p><p>$64.98 ($2.17 / lb)</p><a href="https://www.amazon.com/dp/B0009YWKUA?tag=eloabder-20&linkCode=osi&th=1&psc=1">View Product</a></div><div class="product"><a href="https://www.amazon.com/dp/B009IOCCD2?tag=eloabder-20&linkCode=osi&th=1&psc=1"><img src="https://m.media-amazon.com/images/I/41kN4rGGnEL._SL500_.jpg" alt="Product Image"></a><p>Purina ONE Dry Dog Food Lamb and Rice Formula - 31.1 lb. Bag</p><p>$48.98 ($1.57 / lb)</p><a href="https://www.amazon.com/dp/B009IOCCD2?tag=eloabder-20&linkCode=osi&th=1&psc=1">View Product</a></div><div class="product"><a href="https://www.amazon.com/dp/B00BD741WM?tag=eloabder-20&linkCode=osi&th=1&psc=1"><img src="https://m.media-amazon.com/images/I/51DjFJxGuzL._SL500_.jpg" alt="Product Image"></a><p>IAMS Adult Minichunks Small Kibble High Protein Dry Dog Food with Real Chicken, 30 lb. Bag,(Packaging may vary)</p><p>$46.98 ($1.57 / lb)</p><a href="https://www.amazon.com/dp/B00BD741WM?tag=eloabder-20&linkCode=osi&th=1&psc=1">View Product</a></div><div class="product"><a href="https://www.amazon.com/dp/B07KZCGXPS?tag=eloabder-20&linkCode=osi&th=1&psc=1"><img src="https://m.media-amazon.com/images/I/41f7ma8WlmL._SL500_.jpg" alt="Product Image"></a><p>Purina ONE True Instinct Tender Cuts in Gravy With Real Turkey and Venison, and With Real Chicken and Duck High Protein Wet Dog Food Variety Pack - (Pack of 12) 13 oz. Cans</p><p>$28.09 ($2.88 / lb)</p><a href="https://www.amazon.com/dp/B07KZCGXPS?tag=eloabder-20&linkCode=osi&th=1&psc=1">View Product</a></div><div class="product"><a href="https://www.amazon.com/dp/B00M0FHCN6?tag=eloabder-20&linkCode=osi&th=1&psc=1"><img src="https://m.media-amazon.com/images/I/51wLSFGMhDL._SL500_.jpg" alt="Product Image"></a><p>CESAR Adult Wet Dog Food Classic Loaf in Sauce Poultry Variety Pack,. Easy Peel Trays with Real Chicken, Turkey or Duck, 3.5 Ounce (Pack of 24)</p><p>$24.98 ($4.76 / lb)</p><a href="https://www.amazon.com/dp/B00M0FHCN6?tag=eloabder-20&linkCode=osi&th=1&psc=1">View Product</a></div>
<div class="product"><a href="https://www.amazon.com/dp/B08P2D95G8?tag=eloabder-20&linkCode=osi&th=1&psc=1"><img src="https://m.media-amazon.com/images/I/51-0PjesnPL._SL500_.jpg" alt="Product Image"></a><p>Pur Luv Dog Treats, Chicken Jerky for Dogs, Made with 100% Real Chicken Breast, 16 Ounces, Healthy, Easily Digestible, Long-Lasting, High Protein Dog Treat, Satisfies Dog's Urge to Chew</p><p>$11.54 ($0.72 / oz)</p><a href="https://www.amazon.com/dp/B08P2D95G8?tag=eloabder-20&linkCode=osi&th=1&psc=1">View Product</a></div><div class="product"><a href="https://www.amazon.com/dp/B01KZECQRK?tag=eloabder-20&linkCode=osi&th=1&psc=1"><img src="https://m.media-amazon.com/images/I/41mCSdSOW6L._SL500_.jpg" alt="Product Image"></a><p>Pet 'n Shape Chik 'n Hide Twists – Chicken Wrapped Rawhide Natural Dog Treats, Small, 16 oz</p><p>$15.99</p><a href="https://www.amazon.com/dp/B01KZECQRK?tag=eloabder-20&linkCode=osi&th=1&psc=1">View Product</a></div><div class="product"><a href="https://www.amazon.com/dp/B003PMQMK2?tag=eloabder-20&linkCode=osi&th=1&psc=1"><img src="https://m.media-amazon.com/images/I/51rKBA3bcNL._SL500_.jpg" alt="Product Image"></a><p>Milk-Bone MaroSnacks Dog Treats, Beef, 40 Ounce with Real Bone Marrow and Calcium</p><p>$11.48 ($4.59 / lb)</p><a href="https://www.amazon.com/dp/B003PMQMK2?tag=eloabder-20&linkCode=osi&th=1&psc=1">View Product</a></div><div class="product"><a href="https://www.amazon.com/dp/B07BVLGZW6?tag=eloabder-20&linkCode=osi&th=1&psc=1"><img src="https://m.media-amazon.com/images/I/51oBIB2I7HL._SL500_.jpg" alt="Product Image"></a><p>Good'N'Fun P-94130 Triple Flavor Wings Dog Chews, One Size</p><p>$11.65 ($0.97 / oz)</p><a href="https://www.amazon.com/dp/B07BVLGZW6?tag=eloabder-20&linkCode=osi&th=1&psc=1">View Product</a></div><div class="product"><a href="https://www.amazon.com/dp/B003P9XG68?tag=eloabder-20&linkCode=osi&th=1&psc=1"><img src="https://m.media-amazon.com/images/I/41ytS3hkBnL._SL500_.jpg" alt="Product Image"></a><p>Blue Buffalo Health Bars Natural Crunchy Dog Treats Biscuits, Pumpkin & Cinnamon 16-oz Bag</p><p>$4.98 ($0.31 / oz)</p><a href="https://www.amazon.com/dp/B003P9XG68?tag=eloabder-20&linkCode=osi&th=1&psc=1">View Product</a></div><div class="product"><a href="https://www.amazon.com/dp/B0BWBTWXN3?tag=eloabder-20&linkCode=osi&th=1&psc=1"><img src="https://m.media-amazon.com/images/I/31+dzCcvlGL._SL500_.jpg" alt="Product Image"></a><p>Vital Essentials Freeze Dried Raw Single Ingredient Dog Treats, Chicken Hearts, 1.9 oz</p><p>$9.49 ($4.99 / oz)</p><a href="https://www.amazon.com/dp/B0BWBTWXN3?tag=eloabder-20&linkCode=osi&th=1&psc=1">View Product</a></div><div class="product"><a href="https://www.amazon.com/dp/B01C47NRJC?tag=eloabder-20&linkCode=osi&th=1&psc=1"><img src="https://m.media-amazon.com/images/I/51fs1tTjYCL._SL500_.jpg" alt="Product Image"></a><p>Purina Beggin' With Real Meat Dog Treats, Fun Size Original With Bacon Flavor - 25 oz. Pouch</p><p>$11.48 ($7.35 / lb)</p><a href="https://www.amazon.com/dp/B01C47NRJC?tag=eloabder-20&linkCode=osi&th=1&psc=1">View Product</a></div><div class="product"><a href="https://www.amazon.com/dp/B07BVL8TQF?tag=eloabder-20&linkCode=osi&th=1&psc=1"><img src="https://m.media-amazon.com/images/I/41V12A43ClL._SL500_.jpg" alt="Product Image"></a><p>Good'N'Fun Triple Flavored Rawhide Kabobs for Dogs, 1.5 Pound (Pack of 1)</p><p>$17.98 ($11.99 / lb)</p><a href="https://www.amazon.com/dp/B07BVL8TQF?tag=eloabder-20&linkCode=osi&th=1&psc=1">View Product</a></div>
<div class="product"><a href="https://www.amazon.com/dp/B00G5M75UK?tag=eloabder-20&linkCode=osi&th=1&psc=1"><img src="https://m.media-amazon.com/images/I/51eJ6OzgqGL._SL500_.jpg" alt="Product Image"></a><p>Best Pet Supplies 2-in-1 Stuffless Squeaky Dog Toys with Soft, Durable Fabric for Small, Medium, and Large Pets, No Stuffing for Indoor Play, Supports Active Biting and Play - 1Wild Duck, Small</p><p>$4.99</p><a href="https://www.amazon.com/dp/B00G5M75UK?tag=eloabder-20&linkCode=osi&th=1&psc=1">View Product</a></div><div class="product"><a href="https://www.amazon.com/dp/B0BGBHXSWH?tag=eloabder-20&linkCode=osi&th=1&psc=1"><img src="https://m.media-amazon.com/images/I/510SJqCt8qL._SL500_.jpg" alt="Product Image"></a><p>Cowjag Cat Toys, Laser Pointer with 5 Adjustable Patterns, USB Recharge Laser, Long Range and 3 Modes Training Chaser Interactive Toy, Dog Laser Toy</p><p>$9.99</p><a href="https://www.amazon.com/dp/B0BGBHXSWH?tag=eloabder-20&linkCode=osi&th=1&psc=1">View Product</a></div><div class="product"><a href="https://www.amazon.com/dp/B00CPDWT2M?tag=eloabder-20&linkCode=osi&th=1&psc=1"><img src="https://m.media-amazon.com/images/I/318fAcfhAdL._SL500_.jpg" alt="Product Image"></a><p>Benebone Wishbone Durable Dog Chew Toy for Aggressive Chewers, Real Bacon, Made in USA, Medium</p><p>$9.74</p><a href="https://www.amazon.com/dp/B00CPDWT2M?tag=eloabder-20&linkCode=osi&th=1&psc=1">View Product</a></div>



<div class="product"><a href="https://www.amazon.com/dp/B00BUFYFKK?tag=eloabder-20&linkCode=osi&th=1&psc=1"><img src="https://m.media-amazon.com/images/I/51kfe3GnT3L._SL500_.jpg" alt="Product Image"></a><p>Hartz UltraGuard Purple Flea & Tick Collar for Cats and Kittens - 7 Month Protection</p><p>$3.58</p><a href="https://www.amazon.com/dp/B00BUFYFKK?tag=eloabder-20&linkCode=osi&th=1&psc=1">View Product</a></div>


<div class="product"><a href="https://www.amazon.com/dp/B005CUTWDE?tag=eloabder-20&linkCode=osi&th=1&psc=1"><img src="https://m.media-amazon.com/images/I/41j4IEfx6wL._SL500_.jpg" alt="Product Image"></a><p>Wahl USA Dry Skin & Itch Relief Pet Shampoo for Dogs – Oatmeal Formula with Coconut Lime Verbena & Pet Friendly Formula, 24 Oz - Model 820004A</p><p>$8.97</p><a href="https://www.amazon.com/dp/B005CUTWDE?tag=eloabder-20&linkCode=osi&th=1&psc=1">View Product</a></div><div class="product"><a href="https://www.amazon.com/dp/B005CUTW8O?tag=eloabder-20&linkCode=osi&th=1&psc=1"><img src="https://m.media-amazon.com/images/I/415nQL+xAbL._SL500_.jpg" alt="Product Image"></a><p>Wahl USA 4-in-1 Calming Pet Shampoo for Dogs – Cleans, Conditions, Detangles, & Moisturizes with Lavender Chamomile - Pet Friendly Formula - 24 Oz - Model 820000A</p><p>$8.48</p><a href="https://www.amazon.com/dp/B005CUTW8O?tag=eloabder-20&linkCode=osi&th=1&psc=1">View Product</a></div><div class="product"><a href="https://www.amazon.com/dp/B08ZJYBN9Y?tag=eloabder-20&linkCode=osi&th=1&psc=1"><img src="https://m.media-amazon.com/images/I/31KdutxWCzL._SL500_.jpg" alt="Product Image"></a><p>OUAI Fur Bébé Pet Shampoo, Mercer Street Scent - Dog Shampoo and Coat Wash for Hydrating, Cleansing and Adding Shine to Pet Hair - Pet Supplies by OUAI (16 Fl Oz)</p><p>$32.00</p><a href="https://www.amazon.com/dp/B08ZJYBN9Y?tag=eloabder-20&linkCode=osi&th=1&psc=1">View Product</a></div><div class="product"><a href="https://www.amazon.com/dp/B07RVD63J1?tag=eloabder-20&linkCode=osi&th=1&psc=1"><img src="https://m.media-amazon.com/images/I/31f8QK2qe2L._SL500_.jpg" alt="Product Image"></a><p>Arm & Hammer Super Deodorizing Shampoo For Dogs - Odor Eliminating Dog Shampoo For Smelly Dogs & Puppies With Arm & Hammer Baking Soda -- Kiwi Blossom Scent, 20 Fl Oz,White</p><p>$4.98</p><a href="https://www.amazon.com/dp/B07RVD63J1?tag=eloabder-20&linkCode=osi&th=1&psc=1">View Product</a></div><div class="product"><a href="https://www.amazon.com/dp/B079T44C3J?tag=eloabder-20&linkCode=osi&th=1&psc=1"><img src="https://m.media-amazon.com/images/I/41aKOigtAPL._SL500_.jpg" alt="Product Image"></a><p>Wahl USA Dry Skin & Itch Relief Pet Shampoo for Dogs – Oatmeal Formula with Coconut Lime Verbena - 64 Oz - Model 821004-050</p><p>$19.99</p><a href="https://www.amazon.com/dp/B079T44C3J?tag=eloabder-20&linkCode=osi&th=1&psc=1">View Product</a></div><div class="product"><a href="https://www.amazon.com/dp/B0791LY9MW?tag=eloabder-20&linkCode=osi&th=1&psc=1"><img src="https://m.media-amazon.com/images/I/41evpDHPYpL._SL500_.jpg" alt="Product Image"></a><p>Pawfume Dog Shampoo and Conditioner – Hypoallergenic Dog Shampoo for Smelly Dogs – Best Dog Shampoos & Conditioners – Probiotic Pet Shampoo for Dogs – Best Dog Shampoo for Puppies (Show Dog)</p><p>$12.99 ($1.08 / Fl Oz)</p><a href="https://www.amazon.com/dp/B0791LY9MW?tag=eloabder-20&linkCode=osi&th=1&psc=1">View Product</a></div><div class="product"><a href="https://www.amazon.com/dp/B018FGSTT4?tag=eloabder-20&linkCode=osi&th=1&psc=1"><img src="https://m.media-amazon.com/images/I/41879dA1aHL._SL500_.jpg" alt="Product Image"></a><p>Oatmeal Dog Shampoo & Conditioner 17oz [USA] 5 in 1 Plant-Based Organic Sulfate-Free Soap-Free-Tearless Moisturizer for Dandruff Allergies & Itchy Dry Sensitive Skin-Puppy Grooming [Pro Pet Works]</p><p>$16.99</p><a href="https://www.amazon.com/dp/B018FGSTT4?tag=eloabder-20&linkCode=osi&th=1&psc=1">View Product</a></div><div class="product"><a href="https://www.amazon.com/dp/B002GPD8BU?tag=eloabder-20&linkCode=osi&th=1&psc=1"><img src="https://m.media-amazon.com/images/I/41ctLsjd+hL._SL500_.jpg" alt="Product Image"></a><p>TropiClean 2-in-1 Papaya & Coconut Dog Shampoo and Conditioner | Natural Pet Shampoo Derived from Natural Ingredients | Cat Friendly | Made in the USA | 20 oz.</p><p>$14.99</p><a href="https://www.amazon.com/dp/B002GPD8BU?tag=eloabder-20&linkCode=osi&th=1&psc=1">View Product</a></div><div class="product"><a href="https://www.amazon.com/dp/B07K6JSBRB?tag=eloabder-20&linkCode=osi&th=1&psc=1"><img src="https://m.media-amazon.com/images/I/41kU4IxjB1L._SL500_.jpg" alt="Product Image"></a><p>Pet Honesty Chlorhexidine Cat & Dog Anti-itch Shampoo, for Allergies, Itching, Dog Skin and Coat Supplement, Helps Shedding, Hot Spots, Deodorizing Dog Shampoo, Dog Grooming Supplies,16oz</p><p>$20.99</p><a href="https://www.amazon.com/dp/B07K6JSBRB?tag=eloabder-20&linkCode=osi&th=1&psc=1">View Product</a></div>
<div class="product"><a href="https://www.amazon.com/dp/B002CZR9QY?tag=eloabder-20&linkCode=osi&th=1&psc=1"><img src="https://m.media-amazon.com/images/I/31SypTuKXPL._SL500_.jpg" alt="Product Image"></a><p>Veterinary Formula Smart Coat Complex Ultra Oatmeal Moisturizing Conditioner for Dogs, 17 Fl oz – with Colloidal Oatmeal & Jojoba – Leaves Coat Soft, Shiny, Hydrated, Strong, with Long-Lasting Scent</p><p>$9.99</p><a href="https://www.amazon.com/dp/B002CZR9QY?tag=eloabder-20&linkCode=osi&th=1&psc=1">View Product</a></div><div class="product"><a href="https://www.amazon.com/dp/B00CVTROQ6?tag=eloabder-20&linkCode=osi&th=1&psc=1"><img src="https://m.media-amazon.com/images/I/41aR-yjG0JL._SL500_.jpg" alt="Product Image"></a><p>Burt's Bees for Pets Naturally Derived Oatmeal Conditioner with Colloidal Oat Flour & Honey - Dog Oatmeal Shampoo - Cruelty Free, Made in the USA - 10 Oz</p><p>$7.98</p><a href="https://www.amazon.com/dp/B00CVTROQ6?tag=eloabder-20&linkCode=osi&th=1&psc=1">View Product</a></div><div class="product"><a href="https://www.amazon.com/dp/B002GPEMCE?tag=eloabder-20&linkCode=osi&th=1&psc=1"><img src="https://m.media-amazon.com/images/I/41aROtv96VL._SL500_.jpg" alt="Product Image"></a><p>TropiClean Kiwi & Coco Butter Moisturizing Dog Conditioner | Natural Pet Conditioner Derived from Natural Ingredients | Cat Friendly | Made in the USA | 20 oz.</p><p>$14.99</p><a href="https://www.amazon.com/dp/B002GPEMCE?tag=eloabder-20&linkCode=osi&th=1&psc=1">View Product</a></div><div class="product"><a href="https://www.amazon.com/dp/B0733Q6FZS?tag=eloabder-20&linkCode=osi&th=1&psc=1"><img src="https://m.media-amazon.com/images/I/41UVp4A19EL._SL500_.jpg" alt="Product Image"></a><p>earthbath, Oatmeal & Aloe Dog Shampoo and Conditioner - Oatmeal Shampoo for Dogs, Itchy, Dry Skin Relief, Dog Wash, Made in USA, Dog Conditioner, Pet Shampoos - Vanilla & Almond, 16 Oz (1 Set)</p><p>$29.50</p><a href="https://www.amazon.com/dp/B0733Q6FZS?tag=eloabder-20&linkCode=osi&th=1&psc=1">View Product</a></div><div class="product"><a href="https://www.amazon.com/dp/B00LNEDFVS?tag=eloabder-20&linkCode=osi&th=1&psc=1"><img src="https://m.media-amazon.com/images/I/31wJ3gR-zkL._SL500_.jpg" alt="Product Image"></a><p>earthbath Oatmeal & Aloe Conditioner, Fragrance Free, 16 oz – Dog Conditioner for Allergies and Itching, Dry Skin – Made in USA</p><p>$17.31</p><a href="https://www.amazon.com/dp/B00LNEDFVS?tag=eloabder-20&linkCode=osi&th=1&psc=1">View Product</a></div><div class="product"><a href="https://www.amazon.com/dp/B088S8XKJN?tag=eloabder-20&linkCode=osi&th=1&psc=1"><img src="https://m.media-amazon.com/images/I/31PU8NG6t6L._SL500_.jpg" alt="Product Image"></a><p>BioSilk for Dogs Silk Therapy Detangling Conditioner | Sulfate and Paraben Free Matted Hair Dog Detangler Conditioner for All Adult Dogs, 12 Fl Oz Made in The USA,Beige</p><p>$9.99</p><a href="https://www.amazon.com/dp/B088S8XKJN?tag=eloabder-20&linkCode=osi&th=1&psc=1">View Product</a></div><div class="product"><a href="https://www.amazon.com/dp/B08P4T75LL?tag=eloabder-20&linkCode=osi&th=1&psc=1"><img src="https://m.media-amazon.com/images/I/31rhZnbNzgL._SL500_.jpg" alt="Product Image"></a><p>PET Head Sensitive Soul Conditioner for Dogs with Sensitive Skin 8.4 fl. oz. Coconut Scent. Hypoallergenic and Soothing, Natural Ingredients and Vegan. Gentle Formula for Puppies. Made in USA</p><p>$15.99</p><a href="https://www.amazon.com/dp/B08P4T75LL?tag=eloabder-20&linkCode=osi&th=1&psc=1">View Product</a></div>

<div class="product"><a href="https://www.amazon.com/dp/B07SHGK4M5?tag=eloabder-20&linkCode=osi&th=1&psc=1"><img src="https://m.media-amazon.com/images/I/5130vs0twCL._SL500_.jpg" alt="Product Image"></a><p>GNAWRISHING Flea Comb 4Pcs with High Strength Teeth Pet Tear Stain Remover Combs, Pet Dog Cat Grooming Comb Set Effective Float Hair Remover</p><p>$5.98</p><a href="https://www.amazon.com/dp/B07SHGK4M5?tag=eloabder-20&linkCode=osi&th=1&psc=1">View Product</a></div>
<div class="product"><a href="https://www.amazon.com/dp/B09V5PDTSD?tag=eloabder-20&linkCode=osi&th=1&psc=1"><img src="https://m.media-amazon.com/images/I/514U8rhVWcL._SL500_.jpg" alt="Product Image"></a><p>iToleeve LED Dog Nail Clipper with Light, Illuminates Nails or Bloodline for Safe and Easy Trimmers, Extra Sharp for Thick nails, Quick Sensor, Avoid Over Cutting Toenail, for Cats & Dogs</p><p>$20.99 ($20.99 / Count)</p><a href="https://www.amazon.com/dp/B09V5PDTSD?tag=eloabder-20&linkCode=osi&th=1&psc=1">View Product</a></div>

<div class="product"><a href="https://www.amazon.com/dp/B00MW8G3YU?tag=eloabder-20&linkCode=osi&th=1&psc=1"><img src="https://m.media-amazon.com/images/I/31KsVrUeevL._SL500_.jpg" alt="Product Image"></a><p>Amazon Basics Dog and Puppy Pee Pads with 5-Layer Leak-Proof Design and Quick-Dry Surface for Potty Training, Standard Absorbency, Regular Size, 22 x 22 Inch - Pack of 50, Blue & White</p><p>$11.85 ($0.24 / Count)</p><a href="https://www.amazon.com/dp/B00MW8G3YU?tag=eloabder-20&linkCode=osi&th=1&psc=1">View Product</a></div><div class="product"><a href="https://www.amazon.com/dp/B0CXM4NGZG?tag=eloabder-20&linkCode=osi&th=1&psc=1"><img src="https://m.media-amazon.com/images/I/41bxvVfBFkL._SL500_.jpg" alt="Product Image"></a><p>Dog Ear Cleaner Finger Wipes，Premium Ear Finger Wipes for Dogs Cats 50 Pcs Reduce Earwax Buildup Sooths Deodorizes Relieve Ear Itching Inflammation, Fresh Coconut Scent, Natural Ingredients (100 Pcs)</p><p>$12.34</p><a href="https://www.amazon.com/dp/B0CXM4NGZG?tag=eloabder-20&linkCode=osi&th=1&psc=1">View Product</a></div>













<div class="product"><a href="https://www.amazon.com/dp/B00PQ5UH0C?tag=eloabder-20&linkCode=osi&th=1&psc=1"><img src="https://m.media-amazon.com/images/I/51mFFpJO-aL._SL500_.jpg" alt="Product Image"></a><p>Wobble Wag Giggle Ball, Interactive Dog Toy, Fun Giggle Sounds When Rolled or Shaken, Pets Know Best, As Seen On TV</p><p>$14.99</p><a href="https://www.amazon.com/dp/B00PQ5UH0C?tag=eloabder-20&linkCode=osi&th=1&psc=1">View Product</a></div><div class="product"><a href="https://www.amazon.com/dp/B0054C9B1I?tag=eloabder-20&linkCode=osi&th=1&psc=1"><img src="https://m.media-amazon.com/images/I/51ubAM+J5DL._SL500_.jpg" alt="Product Image"></a><p>Hyper Pet Doggie Tail Interactive Plush Dog Toys (Wiggles, Vibrates, and Barks, Stimulating Play)</p><p>$16.77</p><a href="https://www.amazon.com/dp/B0054C9B1I?tag=eloabder-20&linkCode=osi&th=1&psc=1">View Product</a></div>






<div class="product"><a href="https://www.amazon.com/dp/B00JZHRYFI?tag=eloabder-20&linkCode=osi&th=1&psc=1"><img src="https://m.media-amazon.com/images/I/41xHqz3QFML._SL500_.jpg" alt="Product Image"></a><p>PetSafe Happy Ride Metal Dog Barrier - Adjusts to Fit Your Vehicle - Keeps Pets Off Passenger Seats - Sturdy Construction</p><p>$55.21</p><a href="https://www.amazon.com/dp/B00JZHRYFI?tag=eloabder-20&linkCode=osi&th=1&psc=1">View Product</a></div>

<div class="product"><a href="https://www.amazon.com/dp/B0CVXNKVWC?tag=eloabder-20&linkCode=osi&th=1&psc=1"><img src="https://m.media-amazon.com/images/I/41dsqiNkA+L._SL500_.jpg" alt="Product Image"></a><p>Jazzy Fuzzy Pet Heating Pad, 6 Adjustable Temperature Dog Cat Heating Pad with Timer, Waterproof Heating Pad Indoor for Dogs with Chew Resistant Cord (S:18" x 16")</p><p>$29.66</p><a href="https://www.amazon.com/dp/B0CVXNKVWC?tag=eloabder-20&linkCode=osi&th=1&psc=1">View Product</a></div>
<div class="product"><a href="https://www.amazon.com/dp/B0BPQRR1PN?tag=eloabder-20&linkCode=osi&th=1&psc=1"><img src="https://m.media-amazon.com/images/I/41Ppxz4+IFL._SL500_.jpg" alt="Product Image"></a><p>Newday Dog Toothbrush Set of 8 - Dual Headed, Dental Hygiene Convenient Soft Toothbrush to Clean pet Teeth, Dog Tooth Brushes for Small to Large Dogs, Cats, and Most Pets, Teeth Brush in Bulk</p><p>$6.99 ($0.87 / Count)</p><a href="https://www.amazon.com/dp/B0BPQRR1PN?tag=eloabder-20&linkCode=osi&th=1&psc=1">View Product</a></div><div class="product"><a href="https://www.amazon.com/dp/B0BRMQHYTW?tag=eloabder-20&linkCode=osi&th=1&psc=1"><img src="https://m.media-amazon.com/images/I/41hDIKxNIUL._SL500_.jpg" alt="Product Image"></a><p>HICC PET Teeth Cleaning Wipes for Dogs & Cats, Remove Bad Breath by Removing Plaque and Tartar Buildup No-Rinse Dog Finger Toothbrush, Disposable Gentle Cleaning & Gum Care Pet Wipes, 50 Counts</p><p>$15.99</p><a href="https://www.amazon.com/dp/B0BRMQHYTW?tag=eloabder-20&linkCode=osi&th=1&psc=1">View Product</a></div><div class="product"><a href="https://www.amazon.com/dp/B098PF4NPQ?tag=eloabder-20&linkCode=osi&th=1&psc=1"><img src="https://m.media-amazon.com/images/I/51J4B-P+q5L._SL500_.jpg" alt="Product Image"></a><p>Jasper Dog Toothbrush, 360º Dog Tooth Brushing Kit, Cat Toothbrush, Dog Teeth Cleaning, Dog Finger Toothbrush, Dog Tooth Brush for Small & Large Pets, Dog Toothpaste Not Included - Blue 2-Pack</p><p>$13.99 ($7.00 / Count)</p><a href="https://www.amazon.com/dp/B098PF4NPQ?tag=eloabder-20&linkCode=osi&th=1&psc=1">View Product</a></div><div class="product"><a href="https://www.amazon.com/dp/B08B7238H5?tag=eloabder-20&linkCode=osi&th=1&psc=1"><img src="https://m.media-amazon.com/images/I/41TrsZlWCuL._SL500_.jpg" alt="Product Image"></a><p>Pet Toothbrush for Dogs, Cats with Soft Bristles - Easy Teeth Cleaning & Dental Care, Non Slip Dual Head Dog Toothbrush</p><p>$6.79</p><a href="https://www.amazon.com/dp/B08B7238H5?tag=eloabder-20&linkCode=osi&th=1&psc=1">View Product</a></div><div class="product"><a href="https://www.amazon.com/dp/B0C3M7TD8R?tag=eloabder-20&linkCode=osi&th=1&psc=1"><img src="https://m.media-amazon.com/images/I/51COSpzGOjL._SL500_.jpg" alt="Product Image"></a><p>VIWIK 4Pack Dog Toothbrush Dog Tooth Brushing Kit, Cat Finger Toothbrush for Dogs Small Breed, Medium Large Dogs, Puppy Toothbrush for Dog Teeth Cleaning & Dental Care, Pet Finger Toothbrush Kit</p><p>$6.49 ($1.62 / Count)</p><a href="https://www.amazon.com/dp/B0C3M7TD8R?tag=eloabder-20&linkCode=osi&th=1&psc=1">View Product</a></div><div class="product"><a href="https://www.amazon.com/dp/B00B5RFJB2?tag=eloabder-20&linkCode=osi&th=1&psc=1"><img src="https://m.media-amazon.com/images/I/414Mxf1TTTL._SL500_.jpg" alt="Product Image"></a><p>Arm & Hammer for Pets Tartar Control Kit for Dogs | Contains Toothpaste, Toothbrush & Fingerbrush | Reduces Plaque & Tartar Buildup | Safe for Puppies, 3-Piece , Beef Flavor</p><p>$7.89 ($3.16 / Ounce)</p><a href="https://www.amazon.com/dp/B00B5RFJB2?tag=eloabder-20&linkCode=osi&th=1&psc=1">View Product</a></div><div class="product"><a href="https://www.amazon.com/dp/B0BRXMC97P?tag=eloabder-20&linkCode=osi&th=1&psc=1"><img src="https://m.media-amazon.com/images/I/31EQPPcpx-L._SL500_.jpg" alt="Product Image"></a><p>JAYU PET Dental Care Brush (Soft Bristles) - Toothbrush for Cat and Small Dog with Horizontal Head & Easy Grip Handle (1)</p><p>$9.99</p><a href="https://www.amazon.com/dp/B0BRXMC97P?tag=eloabder-20&linkCode=osi&th=1&psc=1">View Product</a></div><div class="product"><a href="https://www.amazon.com/dp/B09SXPVN5D?tag=eloabder-20&linkCode=osi&th=1&psc=1"><img src="https://m.media-amazon.com/images/I/41VfEMZtHxL._SL500_.jpg" alt="Product Image"></a><p>EASYA Double Headed Pet Dog Toothbrush for Small Dogs/Soft Bristles Puppy Long Handle Tooth Brush Dogs Teeth Cleaning/Bulk Toothbrushes Dental & Oral Care… (MIXED10)</p><p>$4.99 ($4.99 / Count)</p><a href="https://www.amazon.com/dp/B09SXPVN5D?tag=eloabder-20&linkCode=osi&th=1&psc=1">View Product</a></div><div class="product"><a href="https://www.amazon.com/dp/B06XKJNFXX?tag=eloabder-20&linkCode=osi&th=1&psc=1"><img src="https://m.media-amazon.com/images/I/51tetoX-VcL._SL500_.jpg" alt="Product Image"></a><p>Vet's Best Dog Toothbrush & Enzymatic Toothpaste Kit - Teeth Cleaning - Made with Natural Ingredients - Reduces Plaque, Whitens Teeth, Freshens Breath - Bonus Care Guide & Finger Brush Included</p><p>$9.26</p><a href="https://www.amazon.com/dp/B06XKJNFXX?tag=eloabder-20&linkCode=osi&th=1&psc=1">View Product</a></div>
<div class="product"><a href="https://www.amazon.com/dp/B00RZDXA7K?tag=eloabder-20&linkCode=osi&th=1&psc=1"><img src="https://m.media-amazon.com/images/I/41gpC5xESnL._SL500_.jpg" alt="Product Image"></a><p>Virbac CET Enzymatic Toothpaste| Eliminates Bad Breath by Removing Plaque & Tartar Buildup | Best Pet Dental Care Toothpaste | Poultry Flavor, 2.5 oz tube</p><p>$11.52 ($4.61 / Ounce)</p><a href="https://www.amazon.com/dp/B00RZDXA7K?tag=eloabder-20&linkCode=osi&th=1&psc=1">View Product</a></div><div class="product"><a href="https://www.amazon.com/dp/B08QJPJNGY?tag=eloabder-20&linkCode=osi&th=1&psc=1"><img src="https://m.media-amazon.com/images/I/41AHDzkNc5L._SL500_.jpg" alt="Product Image"></a><p>Arm & Hammer Complete Care Enzymatic Dog Toothpaste, 6.2 oz - Dog Toothpaste for Puppies and Adult Dogs, Arm and Hammer Toothpaste for Dogs - Pet Toothpaste, Dog Dental Care and Clean Dog Teeth</p><p>$5.82 ($0.94 / Ounce)</p><a href="https://www.amazon.com/dp/B08QJPJNGY?tag=eloabder-20&linkCode=osi&th=1&psc=1">View Product</a></div><div class="product"><a href="https://www.amazon.com/dp/B0778GHYXP?tag=eloabder-20&linkCode=osi&th=1&psc=1"><img src="https://m.media-amazon.com/images/I/41fl3mRiRtL._SL500_.jpg" alt="Product Image"></a><p>Petsmile Professional Pet Toothpaste - Cat & Dog Teeth Cleaning Supplies - Controls Plaque, Tartar, & Bad Breath - VOHC Accepted Toothpaste - Pet Dental Care Essentials (London Broil, 2.5 Oz)</p><p>$14.99</p><a href="https://www.amazon.com/dp/B0778GHYXP?tag=eloabder-20&linkCode=osi&th=1&psc=1">View Product</a></div><div class="product"><a href="https://www.amazon.com/dp/B0002AQMZU?tag=eloabder-20&linkCode=osi&th=1&psc=1"><img src="https://m.media-amazon.com/images/I/31bv4h2hNOL._SL500_.jpg" alt="Product Image"></a><p>Vet’s Best Enzymatic Dog Toothpaste | Teeth Cleaning and Fresh Breath Dental Care Gel | Vet Formulated | 3.5 Ounces | Grape flavor</p><p>$11.48</p><a href="https://www.amazon.com/dp/B0002AQMZU?tag=eloabder-20&linkCode=osi&th=1&psc=1">View Product</a></div><div class="product"><a href="https://www.amazon.com/dp/B00025K0R6?tag=eloabder-20&linkCode=osi&th=1&psc=1"><img src="https://m.media-amazon.com/images/I/41RMHNoofoL._SL500_.jpg" alt="Product Image"></a><p>Petrodex Toothpaste for Dogs and Puppies, Cleans Teeth and Fights Bad Breath, Reduces Plaque and Tartar Formation, Enzymatic Toothpaste, Poultry Flavor, 6.2oz</p><p>$10.03 ($1.62 / Ounce)</p><a href="https://www.amazon.com/dp/B00025K0R6?tag=eloabder-20&linkCode=osi&th=1&psc=1">View Product</a></div><div class="product"><a href="https://www.amazon.com/dp/B08QJFZCDK?tag=eloabder-20&linkCode=osi&th=1&psc=1"><img src="https://m.media-amazon.com/images/I/41bOWd5qb3L._SL500_.jpg" alt="Product Image"></a><p>Arm & Hammer Complete Care Enzymatic Dog Toothpaste Value Size | 6.2 oz Peanut Butter Flavor Enzymatic Dog Toothpaste for Puppies | Great Tasting Dog Toothpaste with Arm & Hammer Baking Soda</p><p>$6.63 ($1.07 / Ounce)</p><a href="https://www.amazon.com/dp/B08QJFZCDK?tag=eloabder-20&linkCode=osi&th=1&psc=1">View Product</a></div><div class="product"><a href="https://www.amazon.com/dp/B098953TJN?tag=eloabder-20&linkCode=osi&th=1&psc=1"><img src="https://m.media-amazon.com/images/I/31EsN5mPA9S._SL500_.jpg" alt="Product Image"></a><p>Petsmile Professional Pet Tooth Brushing Kit - Cat & Dog Toothbrush & Toothpaste - Control Plaque, Tartar & Bad Breath - VOHC Accepted Toothpaste - Teeth Cleaning Supplies (London Broil, 2.5 Oz)</p><p>$25.00 ($10.00 / Ounce)</p><a href="https://www.amazon.com/dp/B098953TJN?tag=eloabder-20&linkCode=osi&th=1&psc=1">View Product</a></div><div class="product"><a href="https://www.amazon.com/dp/B01KD8725Y?tag=eloabder-20&linkCode=osi&th=1&psc=1"><img src="https://m.media-amazon.com/images/I/411faxe3KUL._SL500_.jpg" alt="Product Image"></a><p>Arm & Hammer for Pets Clinical Care Dental Enzymatic Toothpaste for Dogs | Soothes Inflamed Gums | Safe for Puppies 1 Pack Fresh Breath Vanilla Ginger</p><p>$5.99 ($2.40 / Ounce)</p><a href="https://www.amazon.com/dp/B01KD8725Y?tag=eloabder-20&linkCode=osi&th=1&psc=1">View Product</a></div><div class="product"><a href="https://www.amazon.com/dp/B08QJNMHLZ?tag=eloabder-20&linkCode=osi&th=1&psc=1"><img src="https://m.media-amazon.com/images/I/41HvsSGBm5L._SL500_.jpg" alt="Product Image"></a><p>Arm & Hammer Complete Care Dog Dental Kit | 2.5 oz Chicken Flavor Enzymatic Dog Toothpaste, Toothbrush, & Finger Brush | Baking Soda Enhanced Formula for Fresh Breath and Tartar Control</p><p>$5.82 ($2.33 / Ounce)</p><a href="https://www.amazon.com/dp/B08QJNMHLZ?tag=eloabder-20&linkCode=osi&th=1&psc=1">View Product</a></div><div class="product"><a href="https://www.amazon.com/dp/B0CPQ26CG8?tag=eloabder-20&linkCode=osi&th=1&psc=1"><img src="https://m.media-amazon.com/images/I/31gKo9WixRL._SL500_.jpg" alt="Product Image"></a><p>Remineralizing Dog Toothpaste – Vet-Grade, with Nano-Hydroxyapatite, Reverses Early-Stage Decay, Cleans Teeth, Removes Tartar, Freshens Breath by Arterra Pet Science, Plant-Based, Natural Flavor, 4oz</p><p>$19.99 ($5.00 / Ounce)</p><a href="https://www.amazon.com/dp/B0CPQ26CG8?tag=eloabder-20&linkCode=osi&th=1&psc=1">View Product</a></div>


<div class="product"><a href="https://www.amazon.com/dp/B0C58GKQR3?tag=eloabder-20&linkCode=osi&th=1&psc=1"><img src="https://m.media-amazon.com/images/I/41ntA-bHrVL._SL500_.jpg" alt="Product Image"></a><p>MySimplePetLab Dog First Aid Kit | First Aid Dog Travel Accessories | Dog Medical Kit | Dog Essentials Mini First Aid for Wounds, Cuts, or Minor Injuries</p><p>$39.99 ($39.99 / Count)</p><a href="https://www.amazon.com/dp/B0C58GKQR3?tag=eloabder-20&linkCode=osi&th=1&psc=1">View Product</a></div>
<div class="product"><a href="https://www.amazon.com/dp/B0CSPNSVXK?tag=eloabder-20&linkCode=osi&th=1&psc=1"><img src="https://m.media-amazon.com/images/I/41HxJh914vL._SL500_.jpg" alt="Product Image"></a><p>Advanced Health Monitoring Pee Pads for Dogs – Color-Changing, Leak-Proof, and Odor-Control | As Seen on Shark Tank | Genius</p><p>$24.99</p><a href="https://www.amazon.com/dp/B0CSPNSVXK?tag=eloabder-20&linkCode=osi&th=1&psc=1">View Product</a></div>








<div class="product"><a href="https://www.amazon.com/dp/B002AI39QW?tag=eloabder-20&linkCode=osi&th=1&psc=1"><img src="https://m.media-amazon.com/images/I/41vafEl3pTL._SL500_.jpg" alt="Product Image"></a><p>Epi-Pet K-9 Care Sunscreen, Paws to Tail Protection, Prevents Sunburns on Dogs and Horses, Sun Protector Spray, SPF 30+, Non-Greasy/Oily Solution – 3.5 oz</p><p>$17.95</p><a href="https://www.amazon.com/dp/B002AI39QW?tag=eloabder-20&linkCode=osi&th=1&psc=1">View Product</a></div><div class="product"><a href="https://www.amazon.com/dp/B08DDJYJJC?tag=eloabder-20&linkCode=osi&th=1&psc=1"><img src="https://m.media-amazon.com/images/I/41AGRXwbz9L._SL500_.jpg" alt="Product Image"></a><p>Bodhi Dog Sunscreen | Large 8oz SPF 30+ Moisturizing Pet Sunscreen | Safe for All Breeds of Dogs, Cats and Horses | Natural Skin Protection and Conditioner for Skin, Coat, Nose, and Ears | USA Made</p><p>$13.99 ($1.75 / Fl Oz)</p><a href="https://www.amazon.com/dp/B08DDJYJJC?tag=eloabder-20&linkCode=osi&th=1&psc=1">View Product</a></div><div class="product"><a href="https://www.amazon.com/dp/B07SB22JNX?tag=eloabder-20&linkCode=osi&th=1&psc=1"><img src="https://m.media-amazon.com/images/I/41LcLbaDSXL._SL500_.jpg" alt="Product Image"></a><p>EBPP Dog Sunscreen Sun Skin Protector Spray 8 oz - Safe for All Breeds with No Zinc Oxide - Pet Protection and Moisturizer for Skin, Coat, Nose, Ears</p><p>$18.95 ($2.37 / Fl Oz)</p><a href="https://www.amazon.com/dp/B07SB22JNX?tag=eloabder-20&linkCode=osi&th=1&psc=1">View Product</a></div><div class="product"><a href="https://www.amazon.com/dp/B08Z1WPGJX?tag=eloabder-20&linkCode=osi&th=1&psc=1"><img src="https://m.media-amazon.com/images/I/41IgTyrpxBL._SL500_.jpg" alt="Product Image"></a><p>Bodhi Dog Sunscreen | Extra Large 16.5 Ounce SPF 30+ Moisturizing Pet Safe for All Breeds of Dogs, Cats and Horses | Skin Protection and Conditioner for Skin, Coat, Nose, and Ears | USA Made</p><p>$16.99</p><a href="https://www.amazon.com/dp/B08Z1WPGJX?tag=eloabder-20&linkCode=osi&th=1&psc=1">View Product</a></div><div class="product"><a href="https://www.amazon.com/dp/B0CSTCW6WL?tag=eloabder-20&linkCode=osi&th=1&psc=1"><img src="https://m.media-amazon.com/images/I/41UbNRTz7zL._SL500_.jpg" alt="Product Image"></a><p>Pet Sunscreen Balm, 60ml, SPF 15, Moisturizing, Eco-Friendly Tin, Non-Toxic Formula for Dogs and Cats</p><p>$14.99 ($0.25 / Gram)</p><a href="https://www.amazon.com/dp/B0CSTCW6WL?tag=eloabder-20&linkCode=osi&th=1&psc=1">View Product</a></div><div class="product"><a href="https://www.amazon.com/dp/B071K355ZQ?tag=eloabder-20&linkCode=osi&th=1&psc=1"><img src="https://m.media-amazon.com/images/I/51UiYOPTELL._SL500_.jpg" alt="Product Image"></a><p>SIT. STAY. FOREVER. SAFETY FIRST PET PRODUCTS Organic Sunscreen & Moisturizer for dogs and cats, 2 oz, All Natural, Waterproof, Red Raspberry Seed, Carrot Seed and Hemp Oils, Made in MAINE</p><p>$15.99 ($8.00 / Ounce)</p><a href="https://www.amazon.com/dp/B071K355ZQ?tag=eloabder-20&linkCode=osi&th=1&psc=1">View Product</a></div><div class="product"><a href="https://www.amazon.com/dp/B008F4OOM8?tag=eloabder-20&linkCode=osi&th=1&psc=1"><img src="https://m.media-amazon.com/images/I/31F67SFV7BL._SL500_.jpg" alt="Product Image"></a><p>Petkin Dog Sunscreen Sunstick – Sunscreen for Dogs and Puppies, SPF 15 – Simply Rub on Anytime for Instant Sun Protection – Vanilla Coconut Scent, .5 oz Net Weight – Ideal for Home or Travel</p><p>$11.97</p><a href="https://www.amazon.com/dp/B008F4OOM8?tag=eloabder-20&linkCode=osi&th=1&psc=1">View Product</a></div><div class="product"><a href="https://www.amazon.com/dp/B079VHFBGB?tag=eloabder-20&linkCode=osi&th=1&psc=1"><img src="https://m.media-amazon.com/images/I/51j8zibHIzL._SL500_.jpg" alt="Product Image"></a><p>Handy Hound SnoutScreen - All-Natural Organic Vet-Recommended Dog Nose balm and Paw Balm with Natural Sunscreen - Made in the USA Protect Your Dog from Harmful UVB/UVC Rays - 2 oz</p><p>$20.99 ($20.99 / Count)</p><a href="https://www.amazon.com/dp/B079VHFBGB?tag=eloabder-20&linkCode=osi&th=1&psc=1">View Product</a></div>
<div class="product"><a href="https://www.amazon.com/dp/B0D3QFMQM2?tag=eloabder-20&linkCode=osi&th=1&psc=1"><img src="https://m.media-amazon.com/images/I/41Xp-SBgePL._SL500_.jpg" alt="Product Image"></a><p>All-in-One Dog Supplement for Wellness and Longevity, 63 Ingredients for Joints, Cognition, Mood, Skin, Gut and Organ Health, Small Breeds, Vet-Formulated, Made in USA, Senior Formula for 8+ Years</p><p>$59.99 ($6.18 / Ounce)</p><a href="https://www.amazon.com/dp/B0D3QFMQM2?tag=eloabder-20&linkCode=osi&th=1&psc=1">View Product</a></div><div class="product"><a href="https://www.amazon.com/dp/B0083H586S?tag=eloabder-20&linkCode=osi&th=1&psc=1"><img src="https://m.media-amazon.com/images/I/41TpGg6ZSIL._SL500_.jpg" alt="Product Image"></a><p>NaturVet – Senior Wellness Hip & Joint Advanced Plus Omegas | Help Support Your Pet’s Healthy Hip & Joint Function | Supports Joints, Cartilage & Connective Tissues | 120 Soft Chews</p><p>$16.99 ($0.14 / Count)</p><a href="https://www.amazon.com/dp/B0083H586S?tag=eloabder-20&linkCode=osi&th=1&psc=1">View Product</a></div><div class="product"><a href="https://www.amazon.com/dp/B07FWPPGWT?tag=eloabder-20&linkCode=osi&th=1&psc=1"><img src="https://m.media-amazon.com/images/I/41+inDo9CwL._SL500_.jpg" alt="Product Image"></a><p>Critical Immune Defense for Dogs & Cats; Supports Normal Cell Growth - Turkey Tail, Reishi, Shiitake and Maitake Mushroom Formula with Patented White Turmeric Root Extract - 30-day Supply</p><p>$65.00 ($10.25 / Ounce)</p><a href="https://www.amazon.com/dp/B07FWPPGWT?tag=eloabder-20&linkCode=osi&th=1&psc=1">View Product</a></div><div class="product"><a href="https://www.amazon.com/dp/B07498ZT6K?tag=eloabder-20&linkCode=osi&th=1&psc=1"><img src="https://m.media-amazon.com/images/I/310kUj+IP1L._SL500_.jpg" alt="Product Image"></a><p>Hemp Well Hemp Thrive Oil for Dogs and Cats – 16 Ounces of Organic Hemp Oil Supplement for Dog and Cat Health, Calming, Joint Support, ImmuneHealth, and Itchy Skin Relief</p><p>$25.90 ($1.62 / Fl Oz)</p><a href="https://www.amazon.com/dp/B07498ZT6K?tag=eloabder-20&linkCode=osi&th=1&psc=1">View Product</a></div><div class="product"><a href="https://www.amazon.com/dp/B09RX31T8Z?tag=eloabder-20&linkCode=osi&th=1&psc=1"><img src="https://m.media-amazon.com/images/I/41Huq-Gip0L._SL500_.jpg" alt="Product Image"></a><p>Turkey Tail Pet Support - Dog Multivitamins and Supplements for Immune Support, Gut Health & Wellness - Grain-Free, Gluten-Free, Vet-Approved Dog Supplement (90ct)</p><p>$23.95 ($0.27 / Count)</p><a href="https://www.amazon.com/dp/B09RX31T8Z?tag=eloabder-20&linkCode=osi&th=1&psc=1">View Product</a></div><div class="product"><a href="https://www.amazon.com/dp/B09FR3KFYP?tag=eloabder-20&linkCode=osi&th=1&psc=1"><img src="https://m.media-amazon.com/images/I/51v0CdmWq5L._SL500_.jpg" alt="Product Image"></a><p>Well Loved Glucosamine for Dogs - Joint Supplement for Dogs, Made in USA, Vet Developed, Dog Joint Supplement, Glucosamine Chondroitin for Dogs, Advanced Hip and Joint Chews with MSM, Pain Relief, 120</p><p>$23.99 ($0.20 / Count)</p><a href="https://www.amazon.com/dp/B09FR3KFYP?tag=eloabder-20&linkCode=osi&th=1&psc=1">View Product</a></div><div class="product"><a href="https://www.amazon.com/dp/B09H3RBXKS?tag=eloabder-20&linkCode=osi&th=1&psc=1"><img src="https://m.media-amazon.com/images/I/51Zm0SMzn3L._SL500_.jpg" alt="Product Image"></a><p>Well Loved Probiotics for Dogs, Dog Probiotics and Digestive Enzymes, Made in USA, Vet Developed, Dog Probiotic Chews with Prebiotics, Diarrhea Treatment, for Itchy Skin, Gut Health & Gas Relief</p><p>$27.99 ($0.23 / Count)</p><a href="https://www.amazon.com/dp/B09H3RBXKS?tag=eloabder-20&linkCode=osi&th=1&psc=1">View Product</a></div>
<div class="product"><a href="https://www.amazon.com/dp/B09GJJLDWR?tag=eloabder-20&linkCode=osi&th=1&psc=1"><img src="https://m.media-amazon.com/images/I/51dYorxBpSL._SL500_.jpg" alt="Product Image"></a><p>Purina Beggin' Strips Dog Treats, Original With Bacon Flavor - (Pack of 2) 26 oz. Pouches</p><p>$21.19 ($6.52 / lb)</p><a href="https://www.amazon.com/dp/B09GJJLDWR?tag=eloabder-20&linkCode=osi&th=1&psc=1">View Product</a></div>


<div class="product"><a href="https://www.amazon.com/dp/B0009YWKUA?tag=eloabder-20&linkCode=osi&th=1&psc=1"><img src="https://m.media-amazon.com/images/I/41DzZ0HgS7L._SL500_.jpg" alt="Product Image"></a><p>Blue Buffalo Life Protection Formula Adult Dry Dog Food, Helps Build and Maintain Strong Muscles, Made with Natural Ingredients, Chicken & Brown Rice Recipe, 30-lb. Bag</p><p>$64.98 ($2.17 / lb)</p><a href="https://www.amazon.com/dp/B0009YWKUA?tag=eloabder-20&linkCode=osi&th=1&psc=1">View Product</a></div><div class="product"><a href="https://www.amazon.com/dp/B009IOCCD2?tag=eloabder-20&linkCode=osi&th=1&psc=1"><img src="https://m.media-amazon.com/images/I/41kN4rGGnEL._SL500_.jpg" alt="Product Image"></a><p>Purina ONE Dry Dog Food Lamb and Rice Formula - 31.1 lb. Bag</p><p>$48.98 ($1.57 / lb)</p><a href="https://www.amazon.com/dp/B009IOCCD2?tag=eloabder-20&linkCode=osi&th=1&psc=1">View Product</a></div><div class="product"><a href="https://www.amazon.com/dp/B00BD741WM?tag=eloabder-20&linkCode=osi&th=1&psc=1"><img src="https://m.media-amazon.com/images/I/51DjFJxGuzL._SL500_.jpg" alt="Product Image"></a><p>IAMS Adult Minichunks Small Kibble High Protein Dry Dog Food with Real Chicken, 30 lb. Bag,(Packaging may vary)</p><p>$46.98 ($1.57 / lb)</p><a href="https://www.amazon.com/dp/B00BD741WM?tag=eloabder-20&linkCode=osi&th=1&psc=1">View Product</a></div><div class="product"><a href="https://www.amazon.com/dp/B07KZCGXPS?tag=eloabder-20&linkCode=osi&th=1&psc=1"><img src="https://m.media-amazon.com/images/I/41f7ma8WlmL._SL500_.jpg" alt="Product Image"></a><p>Purina ONE True Instinct Tender Cuts in Gravy With Real Turkey and Venison, and With Real Chicken and Duck High Protein Wet Dog Food Variety Pack - (Pack of 12) 13 oz. Cans</p><p>$28.09 ($2.88 / lb)</p><a href="https://www.amazon.com/dp/B07KZCGXPS?tag=eloabder-20&linkCode=osi&th=1&psc=1">View Product</a></div><div class="product"><a href="https://www.amazon.com/dp/B00M0FHCN6?tag=eloabder-20&linkCode=osi&th=1&psc=1"><img src="https://m.media-amazon.com/images/I/51wLSFGMhDL._SL500_.jpg" alt="Product Image"></a><p>CESAR Adult Wet Dog Food Classic Loaf in Sauce Poultry Variety Pack,. Easy Peel Trays with Real Chicken, Turkey or Duck, 3.5 Ounce (Pack of 24)</p><p>$24.98 ($4.76 / lb)</p><a href="https://www.amazon.com/dp/B00M0FHCN6?tag=eloabder-20&linkCode=osi&th=1&psc=1">View Product</a></div>
<div class="product"><a href="https://www.amazon.com/dp/B08P2D95G8?tag=eloabder-20&linkCode=osi&th=1&psc=1"><img src="https://m.media-amazon.com/images/I/51-0PjesnPL._SL500_.jpg" alt="Product Image"></a><p>Pur Luv Dog Treats, Chicken Jerky for Dogs, Made with 100% Real Chicken Breast, 16 Ounces, Healthy, Easily Digestible, Long-Lasting, High Protein Dog Treat, Satisfies Dog's Urge to Chew</p><p>$11.54 ($0.72 / oz)</p><a href="https://www.amazon.com/dp/B08P2D95G8?tag=eloabder-20&linkCode=osi&th=1&psc=1">View Product</a></div><div class="product"><a href="https://www.amazon.com/dp/B01KZECQRK?tag=eloabder-20&linkCode=osi&th=1&psc=1"><img src="https://m.media-amazon.com/images/I/41mCSdSOW6L._SL500_.jpg" alt="Product Image"></a><p>Pet 'n Shape Chik 'n Hide Twists – Chicken Wrapped Rawhide Natural Dog Treats, Small, 16 oz</p><p>$15.99</p><a href="https://www.amazon.com/dp/B01KZECQRK?tag=eloabder-20&linkCode=osi&th=1&psc=1">View Product</a></div><div class="product"><a href="https://www.amazon.com/dp/B003PMQMK2?tag=eloabder-20&linkCode=osi&th=1&psc=1"><img src="https://m.media-amazon.com/images/I/51rKBA3bcNL._SL500_.jpg" alt="Product Image"></a><p>Milk-Bone MaroSnacks Dog Treats, Beef, 40 Ounce with Real Bone Marrow and Calcium</p><p>$11.48 ($4.59 / lb)</p><a href="https://www.amazon.com/dp/B003PMQMK2?tag=eloabder-20&linkCode=osi&th=1&psc=1">View Product</a></div><div class="product"><a href="https://www.amazon.com/dp/B07BVLGZW6?tag=eloabder-20&linkCode=osi&th=1&psc=1"><img src="https://m.media-amazon.com/images/I/51oBIB2I7HL._SL500_.jpg" alt="Product Image"></a><p>Good'N'Fun P-94130 Triple Flavor Wings Dog Chews, One Size</p><p>$11.65 ($0.97 / oz)</p><a href="https://www.amazon.com/dp/B07BVLGZW6?tag=eloabder-20&linkCode=osi&th=1&psc=1">View Product</a></div><div class="product"><a href="https://www.amazon.com/dp/B003P9XG68?tag=eloabder-20&linkCode=osi&th=1&psc=1"><img src="https://m.media-amazon.com/images/I/41ytS3hkBnL._SL500_.jpg" alt="Product Image"></a><p>Blue Buffalo Health Bars Natural Crunchy Dog Treats Biscuits, Pumpkin & Cinnamon 16-oz Bag</p><p>$4.98 ($0.31 / oz)</p><a href="https://www.amazon.com/dp/B003P9XG68?tag=eloabder-20&linkCode=osi&th=1&psc=1">View Product</a></div><div class="product"><a href="https://www.amazon.com/dp/B0BWBTWXN3?tag=eloabder-20&linkCode=osi&th=1&psc=1"><img src="https://m.media-amazon.com/images/I/31+dzCcvlGL._SL500_.jpg" alt="Product Image"></a><p>Vital Essentials Freeze Dried Raw Single Ingredient Dog Treats, Chicken Hearts, 1.9 oz</p><p>$9.49 ($4.99 / oz)</p><a href="https://www.amazon.com/dp/B0BWBTWXN3?tag=eloabder-20&linkCode=osi&th=1&psc=1">View Product</a></div><div class="product"><a href="https://www.amazon.com/dp/B01C47NRJC?tag=eloabder-20&linkCode=osi&th=1&psc=1"><img src="https://m.media-amazon.com/images/I/51fs1tTjYCL._SL500_.jpg" alt="Product Image"></a><p>Purina Beggin' With Real Meat Dog Treats, Fun Size Original With Bacon Flavor - 25 oz. Pouch</p><p>$11.48 ($7.35 / lb)</p><a href="https://www.amazon.com/dp/B01C47NRJC?tag=eloabder-20&linkCode=osi&th=1&psc=1">View Product</a></div><div class="product"><a href="https://www.amazon.com/dp/B07BVL8TQF?tag=eloabder-20&linkCode=osi&th=1&psc=1"><img src="https://m.media-amazon.com/images/I/41V12A43ClL._SL500_.jpg" alt="Product Image"></a><p>Good'N'Fun Triple Flavored Rawhide Kabobs for Dogs, 1.5 Pound (Pack of 1)</p><p>$17.98 ($11.99 / lb)</p><a href="https://www.amazon.com/dp/B07BVL8TQF?tag=eloabder-20&linkCode=osi&th=1&psc=1">View Product</a></div>
<div class="product"><a href="https://www.amazon.com/dp/B00G5M75UK?tag=eloabder-20&linkCode=osi&th=1&psc=1"><img src="https://m.media-amazon.com/images/I/51eJ6OzgqGL._SL500_.jpg" alt="Product Image"></a><p>Best Pet Supplies 2-in-1 Stuffless Squeaky Dog Toys with Soft, Durable Fabric for Small, Medium, and Large Pets, No Stuffing for Indoor Play, Supports Active Biting and Play - 1Wild Duck, Small</p><p>$4.99</p><a href="https://www.amazon.com/dp/B00G5M75UK?tag=eloabder-20&linkCode=osi&th=1&psc=1">View Product</a></div><div class="product"><a href="https://www.amazon.com/dp/B0BGBHXSWH?tag=eloabder-20&linkCode=osi&th=1&psc=1"><img src="https://m.media-amazon.com/images/I/510SJqCt8qL._SL500_.jpg" alt="Product Image"></a><p>Cowjag Cat Toys, Laser Pointer with 5 Adjustable Patterns, USB Recharge Laser, Long Range and 3 Modes Training Chaser Interactive Toy, Dog Laser Toy</p><p>$9.99</p><a href="https://www.amazon.com/dp/B0BGBHXSWH?tag=eloabder-20&linkCode=osi&th=1&psc=1">View Product</a></div><div class="product"><a href="https://www.amazon.com/dp/B00CPDWT2M?tag=eloabder-20&linkCode=osi&th=1&psc=1"><img src="https://m.media-amazon.com/images/I/318fAcfhAdL._SL500_.jpg" alt="Product Image"></a><p>Benebone Wishbone Durable Dog Chew Toy for Aggressive Chewers, Real Bacon, Made in USA, Medium</p><p>$9.74</p><a href="https://www.amazon.com/dp/B00CPDWT2M?tag=eloabder-20&linkCode=osi&th=1&psc=1">View Product</a></div>



<div class="product"><a href="https://www.amazon.com/dp/B00BUFYFKK?tag=eloabder-20&linkCode=osi&th=1&psc=1"><img src="https://m.media-amazon.com/images/I/51kfe3GnT3L._SL500_.jpg" alt="Product Image"></a><p>Hartz UltraGuard Purple Flea & Tick Collar for Cats and Kittens - 7 Month Protection</p><p>$3.58</p><a href="https://www.amazon.com/dp/B00BUFYFKK?tag=eloabder-20&linkCode=osi&th=1&psc=1">View Product</a></div>


<div class="product"><a href="https://www.amazon.com/dp/B005CUTWDE?tag=eloabder-20&linkCode=osi&th=1&psc=1"><img src="https://m.media-amazon.com/images/I/41j4IEfx6wL._SL500_.jpg" alt="Product Image"></a><p>Wahl USA Dry Skin & Itch Relief Pet Shampoo for Dogs – Oatmeal Formula with Coconut Lime Verbena & Pet Friendly Formula, 24 Oz - Model 820004A</p><p>$8.97</p><a href="https://www.amazon.com/dp/B005CUTWDE?tag=eloabder-20&linkCode=osi&th=1&psc=1">View Product</a></div><div class="product"><a href="https://www.amazon.com/dp/B005CUTW8O?tag=eloabder-20&linkCode=osi&th=1&psc=1"><img src="https://m.media-amazon.com/images/I/415nQL+xAbL._SL500_.jpg" alt="Product Image"></a><p>Wahl USA 4-in-1 Calming Pet Shampoo for Dogs – Cleans, Conditions, Detangles, & Moisturizes with Lavender Chamomile - Pet Friendly Formula - 24 Oz - Model 820000A</p><p>$8.48</p><a href="https://www.amazon.com/dp/B005CUTW8O?tag=eloabder-20&linkCode=osi&th=1&psc=1">View Product</a></div><div class="product"><a href="https://www.amazon.com/dp/B08ZJYBN9Y?tag=eloabder-20&linkCode=osi&th=1&psc=1"><img src="https://m.media-amazon.com/images/I/31KdutxWCzL._SL500_.jpg" alt="Product Image"></a><p>OUAI Fur Bébé Pet Shampoo, Mercer Street Scent - Dog Shampoo and Coat Wash for Hydrating, Cleansing and Adding Shine to Pet Hair - Pet Supplies by OUAI (16 Fl Oz)</p><p>$32.00</p><a href="https://www.amazon.com/dp/B08ZJYBN9Y?tag=eloabder-20&linkCode=osi&th=1&psc=1">View Product</a></div><div class="product"><a href="https://www.amazon.com/dp/B07RVD63J1?tag=eloabder-20&linkCode=osi&th=1&psc=1"><img src="https://m.media-amazon.com/images/I/31f8QK2qe2L._SL500_.jpg" alt="Product Image"></a><p>Arm & Hammer Super Deodorizing Shampoo For Dogs - Odor Eliminating Dog Shampoo For Smelly Dogs & Puppies With Arm & Hammer Baking Soda -- Kiwi Blossom Scent, 20 Fl Oz,White</p><p>$4.98</p><a href="https://www.amazon.com/dp/B07RVD63J1?tag=eloabder-20&linkCode=osi&th=1&psc=1">View Product</a></div><div class="product"><a href="https://www.amazon.com/dp/B079T44C3J?tag=eloabder-20&linkCode=osi&th=1&psc=1"><img src="https://m.media-amazon.com/images/I/41aKOigtAPL._SL500_.jpg" alt="Product Image"></a><p>Wahl USA Dry Skin & Itch Relief Pet Shampoo for Dogs – Oatmeal Formula with Coconut Lime Verbena - 64 Oz - Model 821004-050</p><p>$19.99</p><a href="https://www.amazon.com/dp/B079T44C3J?tag=eloabder-20&linkCode=osi&th=1&psc=1">View Product</a></div><div class="product"><a href="https://www.amazon.com/dp/B0791LY9MW?tag=eloabder-20&linkCode=osi&th=1&psc=1"><img src="https://m.media-amazon.com/images/I/41evpDHPYpL._SL500_.jpg" alt="Product Image"></a><p>Pawfume Dog Shampoo and Conditioner – Hypoallergenic Dog Shampoo for Smelly Dogs – Best Dog Shampoos & Conditioners – Probiotic Pet Shampoo for Dogs – Best Dog Shampoo for Puppies (Show Dog)</p><p>$12.99 ($1.08 / Fl Oz)</p><a href="https://www.amazon.com/dp/B0791LY9MW?tag=eloabder-20&linkCode=osi&th=1&psc=1">View Product</a></div><div class="product"><a href="https://www.amazon.com/dp/B018FGSTT4?tag=eloabder-20&linkCode=osi&th=1&psc=1"><img src="https://m.media-amazon.com/images/I/41879dA1aHL._SL500_.jpg" alt="Product Image"></a><p>Oatmeal Dog Shampoo & Conditioner 17oz [USA] 5 in 1 Plant-Based Organic Sulfate-Free Soap-Free-Tearless Moisturizer for Dandruff Allergies & Itchy Dry Sensitive Skin-Puppy Grooming [Pro Pet Works]</p><p>$16.99</p><a href="https://www.amazon.com/dp/B018FGSTT4?tag=eloabder-20&linkCode=osi&th=1&psc=1">View Product</a></div><div class="product"><a href="https://www.amazon.com/dp/B002GPD8BU?tag=eloabder-20&linkCode=osi&th=1&psc=1"><img src="https://m.media-amazon.com/images/I/41ctLsjd+hL._SL500_.jpg" alt="Product Image"></a><p>TropiClean 2-in-1 Papaya & Coconut Dog Shampoo and Conditioner | Natural Pet Shampoo Derived from Natural Ingredients | Cat Friendly | Made in the USA | 20 oz.</p><p>$14.99</p><a href="https://www.amazon.com/dp/B002GPD8BU?tag=eloabder-20&linkCode=osi&th=1&psc=1">View Product</a></div><div class="product"><a href="https://www.amazon.com/dp/B07K6JSBRB?tag=eloabder-20&linkCode=osi&th=1&psc=1"><img src="https://m.media-amazon.com/images/I/41kU4IxjB1L._SL500_.jpg" alt="Product Image"></a><p>Pet Honesty Chlorhexidine Cat & Dog Anti-itch Shampoo, for Allergies, Itching, Dog Skin and Coat Supplement, Helps Shedding, Hot Spots, Deodorizing Dog Shampoo, Dog Grooming Supplies,16oz</p><p>$20.99</p><a href="https://www.amazon.com/dp/B07K6JSBRB?tag=eloabder-20&linkCode=osi&th=1&psc=1">View Product</a></div>
<div class="product"><a href="https://www.amazon.com/dp/B002CZR9QY?tag=eloabder-20&linkCode=osi&th=1&psc=1"><img src="https://m.media-amazon.com/images/I/31SypTuKXPL._SL500_.jpg" alt="Product Image"></a><p>Veterinary Formula Smart Coat Complex Ultra Oatmeal Moisturizing Conditioner for Dogs, 17 Fl oz – with Colloidal Oatmeal & Jojoba – Leaves Coat Soft, Shiny, Hydrated, Strong, with Long-Lasting Scent</p><p>$9.99</p><a href="https://www.amazon.com/dp/B002CZR9QY?tag=eloabder-20&linkCode=osi&th=1&psc=1">View Product</a></div><div class="product"><a href="https://www.amazon.com/dp/B00CVTROQ6?tag=eloabder-20&linkCode=osi&th=1&psc=1"><img src="https://m.media-amazon.com/images/I/41aR-yjG0JL._SL500_.jpg" alt="Product Image"></a><p>Burt's Bees for Pets Naturally Derived Oatmeal Conditioner with Colloidal Oat Flour & Honey - Dog Oatmeal Shampoo - Cruelty Free, Made in the USA - 10 Oz</p><p>$7.98</p><a href="https://www.amazon.com/dp/B00CVTROQ6?tag=eloabder-20&linkCode=osi&th=1&psc=1">View Product</a></div><div class="product"><a href="https://www.amazon.com/dp/B002GPEMCE?tag=eloabder-20&linkCode=osi&th=1&psc=1"><img src="https://m.media-amazon.com/images/I/41aROtv96VL._SL500_.jpg" alt="Product Image"></a><p>TropiClean Kiwi & Coco Butter Moisturizing Dog Conditioner | Natural Pet Conditioner Derived from Natural Ingredients | Cat Friendly | Made in the USA | 20 oz.</p><p>$14.99</p><a href="https://www.amazon.com/dp/B002GPEMCE?tag=eloabder-20&linkCode=osi&th=1&psc=1">View Product</a></div><div class="product"><a href="https://www.amazon.com/dp/B0733Q6FZS?tag=eloabder-20&linkCode=osi&th=1&psc=1"><img src="https://m.media-amazon.com/images/I/41UVp4A19EL._SL500_.jpg" alt="Product Image"></a><p>earthbath, Oatmeal & Aloe Dog Shampoo and Conditioner - Oatmeal Shampoo for Dogs, Itchy, Dry Skin Relief, Dog Wash, Made in USA, Dog Conditioner, Pet Shampoos - Vanilla & Almond, 16 Oz (1 Set)</p><p>$29.50</p><a href="https://www.amazon.com/dp/B0733Q6FZS?tag=eloabder-20&linkCode=osi&th=1&psc=1">View Product</a></div><div class="product"><a href="https://www.amazon.com/dp/B00LNEDFVS?tag=eloabder-20&linkCode=osi&th=1&psc=1"><img src="https://m.media-amazon.com/images/I/31wJ3gR-zkL._SL500_.jpg" alt="Product Image"></a><p>earthbath Oatmeal & Aloe Conditioner, Fragrance Free, 16 oz – Dog Conditioner for Allergies and Itching, Dry Skin – Made in USA</p><p>$17.31</p><a href="https://www.amazon.com/dp/B00LNEDFVS?tag=eloabder-20&linkCode=osi&th=1&psc=1">View Product</a></div><div class="product"><a href="https://www.amazon.com/dp/B088S8XKJN?tag=eloabder-20&linkCode=osi&th=1&psc=1"><img src="https://m.media-amazon.com/images/I/31PU8NG6t6L._SL500_.jpg" alt="Product Image"></a><p>BioSilk for Dogs Silk Therapy Detangling Conditioner | Sulfate and Paraben Free Matted Hair Dog Detangler Conditioner for All Adult Dogs, 12 Fl Oz Made in The USA,Beige</p><p>$9.99</p><a href="https://www.amazon.com/dp/B088S8XKJN?tag=eloabder-20&linkCode=osi&th=1&psc=1">View Product</a></div><div class="product"><a href="https://www.amazon.com/dp/B08P4T75LL?tag=eloabder-20&linkCode=osi&th=1&psc=1"><img src="https://m.media-amazon.com/images/I/31rhZnbNzgL._SL500_.jpg" alt="Product Image"></a><p>PET Head Sensitive Soul Conditioner for Dogs with Sensitive Skin 8.4 fl. oz. Coconut Scent. Hypoallergenic and Soothing, Natural Ingredients and Vegan. Gentle Formula for Puppies. Made in USA</p><p>$15.99</p><a href="https://www.amazon.com/dp/B08P4T75LL?tag=eloabder-20&linkCode=osi&th=1&psc=1">View Product</a></div>

<div class="product"><a href="https://www.amazon.com/dp/B07SHGK4M5?tag=eloabder-20&linkCode=osi&th=1&psc=1"><img src="https://m.media-amazon.com/images/I/5130vs0twCL._SL500_.jpg" alt="Product Image"></a><p>GNAWRISHING Flea Comb 4Pcs with High Strength Teeth Pet Tear Stain Remover Combs, Pet Dog Cat Grooming Comb Set Effective Float Hair Remover</p><p>$5.98</p><a href="https://www.amazon.com/dp/B07SHGK4M5?tag=eloabder-20&linkCode=osi&th=1&psc=1">View Product</a></div>
<div class="product"><a href="https://www.amazon.com/dp/B09V5PDTSD?tag=eloabder-20&linkCode=osi&th=1&psc=1"><img src="https://m.media-amazon.com/images/I/514U8rhVWcL._SL500_.jpg" alt="Product Image"></a><p>iToleeve LED Dog Nail Clipper with Light, Illuminates Nails or Bloodline for Safe and Easy Trimmers, Extra Sharp for Thick nails, Quick Sensor, Avoid Over Cutting Toenail, for Cats & Dogs</p><p>$20.99 ($20.99 / Count)</p><a href="https://www.amazon.com/dp/B09V5PDTSD?tag=eloabder-20&linkCode=osi&th=1&psc=1">View Product</a></div>


<div class="product"><a href="https://www.amazon.com/dp/B00MW8G3YU?tag=eloabder-20&linkCode=osi&th=1&psc=1"><img src="https://m.media-amazon.com/images/I/31KsVrUeevL._SL500_.jpg" alt="Product Image"></a><p>Amazon Basics Dog and Puppy Pee Pads with 5-Layer Leak-Proof Design and Quick-Dry Surface for Potty Training, Standard Absorbency, Regular Size, 22 x 22 Inch - Pack of 50, Blue & White</p><p>$11.85 ($0.24 / Count)</p><a href="https://www.amazon.com/dp/B00MW8G3YU?tag=eloabder-20&linkCode=osi&th=1&psc=1">View Product</a></div><div class="product"><a href="https://www.amazon.com/dp/B0CXM4NGZG?tag=eloabder-20&linkCode=osi&th=1&psc=1"><img src="https://m.media-amazon.com/images/I/41bxvVfBFkL._SL500_.jpg" alt="Product Image"></a><p>Dog Ear Cleaner Finger Wipes，Premium Ear Finger Wipes for Dogs Cats 50 Pcs Reduce Earwax Buildup Sooths Deodorizes Relieve Ear Itching Inflammation, Fresh Coconut Scent, Natural Ingredients (100 Pcs)</p><p>$12.34</p><a href="https://www.amazon.com/dp/B0CXM4NGZG?tag=eloabder-20&linkCode=osi&th=1&psc=1">View Product</a></div>













<div class="product"><a href="https://www.amazon.com/dp/B00PQ5UH0C?tag=eloabder-20&linkCode=osi&th=1&psc=1"><img src="https://m.media-amazon.com/images/I/51mFFpJO-aL._SL500_.jpg" alt="Product Image"></a><p>Wobble Wag Giggle Ball, Interactive Dog Toy, Fun Giggle Sounds When Rolled or Shaken, Pets Know Best, As Seen On TV</p><p>$14.99</p><a href="https://www.amazon.com/dp/B00PQ5UH0C?tag=eloabder-20&linkCode=osi&th=1&psc=1">View Product</a></div><div class="product"><a href="https://www.amazon.com/dp/B0054C9B1I?tag=eloabder-20&linkCode=osi&th=1&psc=1"><img src="https://m.media-amazon.com/images/I/51ubAM+J5DL._SL500_.jpg" alt="Product Image"></a><p>Hyper Pet Doggie Tail Interactive Plush Dog Toys (Wiggles, Vibrates, and Barks, Stimulating Play)</p><p>$16.77</p><a href="https://www.amazon.com/dp/B0054C9B1I?tag=eloabder-20&linkCode=osi&th=1&psc=1">View Product</a></div>






<div class="product"><a href="https://www.amazon.com/dp/B00JZHRYFI?tag=eloabder-20&linkCode=osi&th=1&psc=1"><img src="https://m.media-amazon.com/images/I/41xHqz3QFML._SL500_.jpg" alt="Product Image"></a><p>PetSafe Happy Ride Metal Dog Barrier - Adjusts to Fit Your Vehicle - Keeps Pets Off Passenger Seats - Sturdy Construction</p><p>$55.21</p><a href="https://www.amazon.com/dp/B00JZHRYFI?tag=eloabder-20&linkCode=osi&th=1&psc=1">View Product</a></div>

<div class="product"><a href="https://www.amazon.com/dp/B0CVXNKVWC?tag=eloabder-20&linkCode=osi&th=1&psc=1"><img src="https://m.media-amazon.com/images/I/41dsqiNkA+L._SL500_.jpg" alt="Product Image"></a><p>Jazzy Fuzzy Pet Heating Pad, 6 Adjustable Temperature Dog Cat Heating Pad with Timer, Waterproof Heating Pad Indoor for Dogs with Chew Resistant Cord (S:18" x 16")</p><p>$29.66</p><a href="https://www.amazon.com/dp/B0CVXNKVWC?tag=eloabder-20&linkCode=osi&th=1&psc=1">View Product</a></div>
<div class="product"><a href="https://www.amazon.com/dp/B0BPQRR1PN?tag=eloabder-20&linkCode=osi&th=1&psc=1"><img src="https://m.media-amazon.com/images/I/41Ppxz4+IFL._SL500_.jpg" alt="Product Image"></a><p>Newday Dog Toothbrush Set of 8 - Dual Headed, Dental Hygiene Convenient Soft Toothbrush to Clean pet Teeth, Dog Tooth Brushes for Small to Large Dogs, Cats, and Most Pets, Teeth Brush in Bulk</p><p>$6.99 ($0.87 / Count)</p><a href="https://www.amazon.com/dp/B0BPQRR1PN?tag=eloabder-20&linkCode=osi&th=1&psc=1">View Product</a></div><div class="product"><a href="https://www.amazon.com/dp/B0BRMQHYTW?tag=eloabder-20&linkCode=osi&th=1&psc=1"><img src="https://m.media-amazon.com/images/I/41hDIKxNIUL._SL500_.jpg" alt="Product Image"></a><p>HICC PET Teeth Cleaning Wipes for Dogs & Cats, Remove Bad Breath by Removing Plaque and Tartar Buildup No-Rinse Dog Finger Toothbrush, Disposable Gentle Cleaning & Gum Care Pet Wipes, 50 Counts</p><p>$15.99</p><a href="https://www.amazon.com/dp/B0BRMQHYTW?tag=eloabder-20&linkCode=osi&th=1&psc=1">View Product</a></div><div class="product"><a href="https://www.amazon.com/dp/B098PF4NPQ?tag=eloabder-20&linkCode=osi&th=1&psc=1"><img src="https://m.media-amazon.com/images/I/51J4B-P+q5L._SL500_.jpg" alt="Product Image"></a><p>Jasper Dog Toothbrush, 360º Dog Tooth Brushing Kit, Cat Toothbrush, Dog Teeth Cleaning, Dog Finger Toothbrush, Dog Tooth Brush for Small & Large Pets, Dog Toothpaste Not Included - Blue 2-Pack</p><p>$13.99 ($7.00 / Count)</p><a href="https://www.amazon.com/dp/B098PF4NPQ?tag=eloabder-20&linkCode=osi&th=1&psc=1">View Product</a></div><div class="product"><a href="https://www.amazon.com/dp/B08B7238H5?tag=eloabder-20&linkCode=osi&th=1&psc=1"><img src="https://m.media-amazon.com/images/I/41TrsZlWCuL._SL500_.jpg" alt="Product Image"></a><p>Pet Toothbrush for Dogs, Cats with Soft Bristles - Easy Teeth Cleaning & Dental Care, Non Slip Dual Head Dog Toothbrush</p><p>$6.79</p><a href="https://www.amazon.com/dp/B08B7238H5?tag=eloabder-20&linkCode=osi&th=1&psc=1">View Product</a></div><div class="product"><a href="https://www.amazon.com/dp/B0C3M7TD8R?tag=eloabder-20&linkCode=osi&th=1&psc=1"><img src="https://m.media-amazon.com/images/I/51COSpzGOjL._SL500_.jpg" alt="Product Image"></a><p>VIWIK 4Pack Dog Toothbrush Dog Tooth Brushing Kit, Cat Finger Toothbrush for Dogs Small Breed, Medium Large Dogs, Puppy Toothbrush for Dog Teeth Cleaning & Dental Care, Pet Finger Toothbrush Kit</p><p>$6.49 ($1.62 / Count)</p><a href="https://www.amazon.com/dp/B0C3M7TD8R?tag=eloabder-20&linkCode=osi&th=1&psc=1">View Product</a></div><div class="product"><a href="https://www.amazon.com/dp/B00B5RFJB2?tag=eloabder-20&linkCode=osi&th=1&psc=1"><img src="https://m.media-amazon.com/images/I/414Mxf1TTTL._SL500_.jpg" alt="Product Image"></a><p>Arm & Hammer for Pets Tartar Control Kit for Dogs | Contains Toothpaste, Toothbrush & Fingerbrush | Reduces Plaque & Tartar Buildup | Safe for Puppies, 3-Piece , Beef Flavor</p><p>$7.89 ($3.16 / Ounce)</p><a href="https://www.amazon.com/dp/B00B5RFJB2?tag=eloabder-20&linkCode=osi&th=1&psc=1">View Product</a></div><div class="product"><a href="https://www.amazon.com/dp/B0BRXMC97P?tag=eloabder-20&linkCode=osi&th=1&psc=1"><img src="https://m.media-amazon.com/images/I/31EQPPcpx-L._SL500_.jpg" alt="Product Image"></a><p>JAYU PET Dental Care Brush (Soft Bristles) - Toothbrush for Cat and Small Dog with Horizontal Head & Easy Grip Handle (1)</p><p>$9.99</p><a href="https://www.amazon.com/dp/B0BRXMC97P?tag=eloabder-20&linkCode=osi&th=1&psc=1">View Product</a></div><div class="product"><a href="https://www.amazon.com/dp/B09SXPVN5D?tag=eloabder-20&linkCode=osi&th=1&psc=1"><img src="https://m.media-amazon.com/images/I/41VfEMZtHxL._SL500_.jpg" alt="Product Image"></a><p>EASYA Double Headed Pet Dog Toothbrush for Small Dogs/Soft Bristles Puppy Long Handle Tooth Brush Dogs Teeth Cleaning/Bulk Toothbrushes Dental & Oral Care… (MIXED10)</p><p>$4.99 ($4.99 / Count)</p><a href="https://www.amazon.com/dp/B09SXPVN5D?tag=eloabder-20&linkCode=osi&th=1&psc=1">View Product</a></div><div class="product"><a href="https://www.amazon.com/dp/B06XKJNFXX?tag=eloabder-20&linkCode=osi&th=1&psc=1"><img src="https://m.media-amazon.com/images/I/51tetoX-VcL._SL500_.jpg" alt="Product Image"></a><p>Vet's Best Dog Toothbrush & Enzymatic Toothpaste Kit - Teeth Cleaning - Made with Natural Ingredients - Reduces Plaque, Whitens Teeth, Freshens Breath - Bonus Care Guide & Finger Brush Included</p><p>$9.26</p><a href="https://www.amazon.com/dp/B06XKJNFXX?tag=eloabder-20&linkCode=osi&th=1&psc=1">View Product</a></div>
<div class="product"><a href="https://www.amazon.com/dp/B00RZDXA7K?tag=eloabder-20&linkCode=osi&th=1&psc=1"><img src="https://m.media-amazon.com/images/I/41gpC5xESnL._SL500_.jpg" alt="Product Image"></a><p>Virbac CET Enzymatic Toothpaste| Eliminates Bad Breath by Removing Plaque & Tartar Buildup | Best Pet Dental Care Toothpaste | Poultry Flavor, 2.5 oz tube</p><p>$11.52 ($4.61 / Ounce)</p><a href="https://www.amazon.com/dp/B00RZDXA7K?tag=eloabder-20&linkCode=osi&th=1&psc=1">View Product</a></div><div class="product"><a href="https://www.amazon.com/dp/B08QJPJNGY?tag=eloabder-20&linkCode=osi&th=1&psc=1"><img src="https://m.media-amazon.com/images/I/41AHDzkNc5L._SL500_.jpg" alt="Product Image"></a><p>Arm & Hammer Complete Care Enzymatic Dog Toothpaste, 6.2 oz - Dog Toothpaste for Puppies and Adult Dogs, Arm and Hammer Toothpaste for Dogs - Pet Toothpaste, Dog Dental Care and Clean Dog Teeth</p><p>$5.82 ($0.94 / Ounce)</p><a href="https://www.amazon.com/dp/B08QJPJNGY?tag=eloabder-20&linkCode=osi&th=1&psc=1">View Product</a></div><div class="product"><a href="https://www.amazon.com/dp/B0778GHYXP?tag=eloabder-20&linkCode=osi&th=1&psc=1"><img src="https://m.media-amazon.com/images/I/41fl3mRiRtL._SL500_.jpg" alt="Product Image"></a><p>Petsmile Professional Pet Toothpaste - Cat & Dog Teeth Cleaning Supplies - Controls Plaque, Tartar, & Bad Breath - VOHC Accepted Toothpaste - Pet Dental Care Essentials (London Broil, 2.5 Oz)</p><p>$14.99</p><a href="https://www.amazon.com/dp/B0778GHYXP?tag=eloabder-20&linkCode=osi&th=1&psc=1">View Product</a></div><div class="product"><a href="https://www.amazon.com/dp/B0002AQMZU?tag=eloabder-20&linkCode=osi&th=1&psc=1"><img src="https://m.media-amazon.com/images/I/31bv4h2hNOL._SL500_.jpg" alt="Product Image"></a><p>Vet’s Best Enzymatic Dog Toothpaste | Teeth Cleaning and Fresh Breath Dental Care Gel | Vet Formulated | 3.5 Ounces | Grape flavor</p><p>$11.48</p><a href="https://www.amazon.com/dp/B0002AQMZU?tag=eloabder-20&linkCode=osi&th=1&psc=1">View Product</a></div><div class="product"><a href="https://www.amazon.com/dp/B00025K0R6?tag=eloabder-20&linkCode=osi&th=1&psc=1"><img src="https://m.media-amazon.com/images/I/41RMHNoofoL._SL500_.jpg" alt="Product Image"></a><p>Petrodex Toothpaste for Dogs and Puppies, Cleans Teeth and Fights Bad Breath, Reduces Plaque and Tartar Formation, Enzymatic Toothpaste, Poultry Flavor, 6.2oz</p><p>$10.03 ($1.62 / Ounce)</p><a href="https://www.amazon.com/dp/B00025K0R6?tag=eloabder-20&linkCode=osi&th=1&psc=1">View Product</a></div><div class="product"><a href="https://www.amazon.com/dp/B08QJFZCDK?tag=eloabder-20&linkCode=osi&th=1&psc=1"><img src="https://m.media-amazon.com/images/I/41bOWd5qb3L._SL500_.jpg" alt="Product Image"></a><p>Arm & Hammer Complete Care Enzymatic Dog Toothpaste Value Size | 6.2 oz Peanut Butter Flavor Enzymatic Dog Toothpaste for Puppies | Great Tasting Dog Toothpaste with Arm & Hammer Baking Soda</p><p>$6.63 ($1.07 / Ounce)</p><a href="https://www.amazon.com/dp/B08QJFZCDK?tag=eloabder-20&linkCode=osi&th=1&psc=1">View Product</a></div><div class="product"><a href="https://www.amazon.com/dp/B098953TJN?tag=eloabder-20&linkCode=osi&th=1&psc=1"><img src="https://m.media-amazon.com/images/I/31EsN5mPA9S._SL500_.jpg" alt="Product Image"></a><p>Petsmile Professional Pet Tooth Brushing Kit - Cat & Dog Toothbrush & Toothpaste - Control Plaque, Tartar & Bad Breath - VOHC Accepted Toothpaste - Teeth Cleaning Supplies (London Broil, 2.5 Oz)</p><p>$25.00 ($10.00 / Ounce)</p><a href="https://www.amazon.com/dp/B098953TJN?tag=eloabder-20&linkCode=osi&th=1&psc=1">View Product</a></div><div class="product"><a href="https://www.amazon.com/dp/B01KD8725Y?tag=eloabder-20&linkCode=osi&th=1&psc=1"><img src="https://m.media-amazon.com/images/I/411faxe3KUL._SL500_.jpg" alt="Product Image"></a><p>Arm & Hammer for Pets Clinical Care Dental Enzymatic Toothpaste for Dogs | Soothes Inflamed Gums | Safe for Puppies 1 Pack Fresh Breath Vanilla Ginger</p><p>$5.99 ($2.40 / Ounce)</p><a href="https://www.amazon.com/dp/B01KD8725Y?tag=eloabder-20&linkCode=osi&th=1&psc=1">View Product</a></div><div class="product"><a href="https://www.amazon.com/dp/B08QJNMHLZ?tag=eloabder-20&linkCode=osi&th=1&psc=1"><img src="https://m.media-amazon.com/images/I/41HvsSGBm5L._SL500_.jpg" alt="Product Image"></a><p>Arm & Hammer Complete Care Dog Dental Kit | 2.5 oz Chicken Flavor Enzymatic Dog Toothpaste, Toothbrush, & Finger Brush | Baking Soda Enhanced Formula for Fresh Breath and Tartar Control</p><p>$5.82 ($2.33 / Ounce)</p><a href="https://www.amazon.com/dp/B08QJNMHLZ?tag=eloabder-20&linkCode=osi&th=1&psc=1">View Product</a></div><div class="product"><a href="https://www.amazon.com/dp/B0CPQ26CG8?tag=eloabder-20&linkCode=osi&th=1&psc=1"><img src="https://m.media-amazon.com/images/I/31gKo9WixRL._SL500_.jpg" alt="Product Image"></a><p>Remineralizing Dog Toothpaste – Vet-Grade, with Nano-Hydroxyapatite, Reverses Early-Stage Decay, Cleans Teeth, Removes Tartar, Freshens Breath by Arterra Pet Science, Plant-Based, Natural Flavor, 4oz</p><p>$19.99 ($5.00 / Ounce)</p><a href="https://www.amazon.com/dp/B0CPQ26CG8?tag=eloabder-20&linkCode=osi&th=1&psc=1">View Product</a></div>


<div class="product"><a href="https://www.amazon.com/dp/B0C58GKQR3?tag=eloabder-20&linkCode=osi&th=1&psc=1"><img src="https://m.media-amazon.com/images/I/41ntA-bHrVL._SL500_.jpg" alt="Product Image"></a><p>MySimplePetLab Dog First Aid Kit | First Aid Dog Travel Accessories | Dog Medical Kit | Dog Essentials Mini First Aid for Wounds, Cuts, or Minor Injuries</p><p>$39.99 ($39.99 / Count)</p><a href="https://www.amazon.com/dp/B0C58GKQR3?tag=eloabder-20&linkCode=osi&th=1&psc=1">View Product</a></div>
<div class="product"><a href="https://www.amazon.com/dp/B0CSPNSVXK?tag=eloabder-20&linkCode=osi&th=1&psc=1"><img src="https://m.media-amazon.com/images/I/41HxJh914vL._SL500_.jpg" alt="Product Image"></a><p>Advanced Health Monitoring Pee Pads for Dogs – Color-Changing, Leak-Proof, and Odor-Control | As Seen on Shark Tank | Genius</p><p>$24.99</p><a href="https://www.amazon.com/dp/B0CSPNSVXK?tag=eloabder-20&linkCode=osi&th=1&psc=1">View Product</a></div>








<div class="product"><a href="https://www.amazon.com/dp/B002AI39QW?tag=eloabder-20&linkCode=osi&th=1&psc=1"><img src="https://m.media-amazon.com/images/I/41vafEl3pTL._SL500_.jpg" alt="Product Image"></a><p>Epi-Pet K-9 Care Sunscreen, Paws to Tail Protection, Prevents Sunburns on Dogs and Horses, Sun Protector Spray, SPF 30+, Non-Greasy/Oily Solution – 3.5 oz</p><p>$17.95</p><a href="https://www.amazon.com/dp/B002AI39QW?tag=eloabder-20&linkCode=osi&th=1&psc=1">View Product</a></div><div class="product"><a href="https://www.amazon.com/dp/B08DDJYJJC?tag=eloabder-20&linkCode=osi&th=1&psc=1"><img src="https://m.media-amazon.com/images/I/41AGRXwbz9L._SL500_.jpg" alt="Product Image"></a><p>Bodhi Dog Sunscreen | Large 8oz SPF 30+ Moisturizing Pet Sunscreen | Safe for All Breeds of Dogs, Cats and Horses | Natural Skin Protection and Conditioner for Skin, Coat, Nose, and Ears | USA Made</p><p>$13.99 ($1.75 / Fl Oz)</p><a href="https://www.amazon.com/dp/B08DDJYJJC?tag=eloabder-20&linkCode=osi&th=1&psc=1">View Product</a></div><div class="product"><a href="https://www.amazon.com/dp/B07SB22JNX?tag=eloabder-20&linkCode=osi&th=1&psc=1"><img src="https://m.media-amazon.com/images/I/41LcLbaDSXL._SL500_.jpg" alt="Product Image"></a><p>EBPP Dog Sunscreen Sun Skin Protector Spray 8 oz - Safe for All Breeds with No Zinc Oxide - Pet Protection and Moisturizer for Skin, Coat, Nose, Ears</p><p>$18.95 ($2.37 / Fl Oz)</p><a href="https://www.amazon.com/dp/B07SB22JNX?tag=eloabder-20&linkCode=osi&th=1&psc=1">View Product</a></div><div class="product"><a href="https://www.amazon.com/dp/B08Z1WPGJX?tag=eloabder-20&linkCode=osi&th=1&psc=1"><img src="https://m.media-amazon.com/images/I/41IgTyrpxBL._SL500_.jpg" alt="Product Image"></a><p>Bodhi Dog Sunscreen | Extra Large 16.5 Ounce SPF 30+ Moisturizing Pet Safe for All Breeds of Dogs, Cats and Horses | Skin Protection and Conditioner for Skin, Coat, Nose, and Ears | USA Made</p><p>$16.99</p><a href="https://www.amazon.com/dp/B08Z1WPGJX?tag=eloabder-20&linkCode=osi&th=1&psc=1">View Product</a></div><div class="product"><a href="https://www.amazon.com/dp/B0CSTCW6WL?tag=eloabder-20&linkCode=osi&th=1&psc=1"><img src="https://m.media-amazon.com/images/I/41UbNRTz7zL._SL500_.jpg" alt="Product Image"></a><p>Pet Sunscreen Balm, 60ml, SPF 15, Moisturizing, Eco-Friendly Tin, Non-Toxic Formula for Dogs and Cats</p><p>$14.99 ($0.25 / Gram)</p><a href="https://www.amazon.com/dp/B0CSTCW6WL?tag=eloabder-20&linkCode=osi&th=1&psc=1">View Product</a></div><div class="product"><a href="https://www.amazon.com/dp/B071K355ZQ?tag=eloabder-20&linkCode=osi&th=1&psc=1"><img src="https://m.media-amazon.com/images/I/51UiYOPTELL._SL500_.jpg" alt="Product Image"></a><p>SIT. STAY. FOREVER. SAFETY FIRST PET PRODUCTS Organic Sunscreen & Moisturizer for dogs and cats, 2 oz, All Natural, Waterproof, Red Raspberry Seed, Carrot Seed and Hemp Oils, Made in MAINE</p><p>$15.99 ($8.00 / Ounce)</p><a href="https://www.amazon.com/dp/B071K355ZQ?tag=eloabder-20&linkCode=osi&th=1&psc=1">View Product</a></div><div class="product"><a href="https://www.amazon.com/dp/B008F4OOM8?tag=eloabder-20&linkCode=osi&th=1&psc=1"><img src="https://m.media-amazon.com/images/I/31F67SFV7BL._SL500_.jpg" alt="Product Image"></a><p>Petkin Dog Sunscreen Sunstick – Sunscreen for Dogs and Puppies, SPF 15 – Simply Rub on Anytime for Instant Sun Protection – Vanilla Coconut Scent, .5 oz Net Weight – Ideal for Home or Travel</p><p>$11.97</p><a href="https://www.amazon.com/dp/B008F4OOM8?tag=eloabder-20&linkCode=osi&th=1&psc=1">View Product</a></div><div class="product"><a href="https://www.amazon.com/dp/B079VHFBGB?tag=eloabder-20&linkCode=osi&th=1&psc=1"><img src="https://m.media-amazon.com/images/I/51j8zibHIzL._SL500_.jpg" alt="Product Image"></a><p>Handy Hound SnoutScreen - All-Natural Organic Vet-Recommended Dog Nose balm and Paw Balm with Natural Sunscreen - Made in the USA Protect Your Dog from Harmful UVB/UVC Rays - 2 oz</p><p>$20.99 ($20.99 / Count)</p><a href="https://www.amazon.com/dp/B079VHFBGB?tag=eloabder-20&linkCode=osi&th=1&psc=1">View Product</a></div>
<div class="product"><a href="https://www.amazon.com/dp/B0D3QFMQM2?tag=eloabder-20&linkCode=osi&th=1&psc=1"><img src="https://m.media-amazon.com/images/I/41Xp-SBgePL._SL500_.jpg" alt="Product Image"></a><p>All-in-One Dog Supplement for Wellness and Longevity, 63 Ingredients for Joints, Cognition, Mood, Skin, Gut and Organ Health, Small Breeds, Vet-Formulated, Made in USA, Senior Formula for 8+ Years</p><p>$59.99 ($6.18 / Ounce)</p><a href="https://www.amazon.com/dp/B0D3QFMQM2?tag=eloabder-20&linkCode=osi&th=1&psc=1">View Product</a></div><div class="product"><a href="https://www.amazon.com/dp/B0083H586S?tag=eloabder-20&linkCode=osi&th=1&psc=1"><img src="https://m.media-amazon.com/images/I/41TpGg6ZSIL._SL500_.jpg" alt="Product Image"></a><p>NaturVet – Senior Wellness Hip & Joint Advanced Plus Omegas | Help Support Your Pet’s Healthy Hip & Joint Function | Supports Joints, Cartilage & Connective Tissues | 120 Soft Chews</p><p>$16.99 ($0.14 / Count)</p><a href="https://www.amazon.com/dp/B0083H586S?tag=eloabder-20&linkCode=osi&th=1&psc=1">View Product</a></div><div class="product"><a href="https://www.amazon.com/dp/B07FWPPGWT?tag=eloabder-20&linkCode=osi&th=1&psc=1"><img src="https://m.media-amazon.com/images/I/41+inDo9CwL._SL500_.jpg" alt="Product Image"></a><p>Critical Immune Defense for Dogs & Cats; Supports Normal Cell Growth - Turkey Tail, Reishi, Shiitake and Maitake Mushroom Formula with Patented White Turmeric Root Extract - 30-day Supply</p><p>$65.00 ($10.25 / Ounce)</p><a href="https://www.amazon.com/dp/B07FWPPGWT?tag=eloabder-20&linkCode=osi&th=1&psc=1">View Product</a></div><div class="product"><a href="https://www.amazon.com/dp/B07498ZT6K?tag=eloabder-20&linkCode=osi&th=1&psc=1"><img src="https://m.media-amazon.com/images/I/310kUj+IP1L._SL500_.jpg" alt="Product Image"></a><p>Hemp Well Hemp Thrive Oil for Dogs and Cats – 16 Ounces of Organic Hemp Oil Supplement for Dog and Cat Health, Calming, Joint Support, ImmuneHealth, and Itchy Skin Relief</p><p>$25.90 ($1.62 / Fl Oz)</p><a href="https://www.amazon.com/dp/B07498ZT6K?tag=eloabder-20&linkCode=osi&th=1&psc=1">View Product</a></div><div class="product"><a href="https://www.amazon.com/dp/B09RX31T8Z?tag=eloabder-20&linkCode=osi&th=1&psc=1"><img src="https://m.media-amazon.com/images/I/41Huq-Gip0L._SL500_.jpg" alt="Product Image"></a><p>Turkey Tail Pet Support - Dog Multivitamins and Supplements for Immune Support, Gut Health & Wellness - Grain-Free, Gluten-Free, Vet-Approved Dog Supplement (90ct)</p><p>$23.95 ($0.27 / Count)</p><a href="https://www.amazon.com/dp/B09RX31T8Z?tag=eloabder-20&linkCode=osi&th=1&psc=1">View Product</a></div><div class="product"><a href="https://www.amazon.com/dp/B09FR3KFYP?tag=eloabder-20&linkCode=osi&th=1&psc=1"><img src="https://m.media-amazon.com/images/I/51v0CdmWq5L._SL500_.jpg" alt="Product Image"></a><p>Well Loved Glucosamine for Dogs - Joint Supplement for Dogs, Made in USA, Vet Developed, Dog Joint Supplement, Glucosamine Chondroitin for Dogs, Advanced Hip and Joint Chews with MSM, Pain Relief, 120</p><p>$23.99 ($0.20 / Count)</p><a href="https://www.amazon.com/dp/B09FR3KFYP?tag=eloabder-20&linkCode=osi&th=1&psc=1">View Product</a></div><div class="product"><a href="https://www.amazon.com/dp/B09H3RBXKS?tag=eloabder-20&linkCode=osi&th=1&psc=1"><img src="https://m.media-amazon.com/images/I/51Zm0SMzn3L._SL500_.jpg" alt="Product Image"></a><p>Well Loved Probiotics for Dogs, Dog Probiotics and Digestive Enzymes, Made in USA, Vet Developed, Dog Probiotic Chews with Prebiotics, Diarrhea Treatment, for Itchy Skin, Gut Health & Gas Relief</p><p>$27.99 ($0.23 / Count)</p><a href="https://www.amazon.com/dp/B09H3RBXKS?tag=eloabder-20&linkCode=osi&th=1&psc=1">View Product</a></div>
<div class="product"><a href="https://www.amazon.com/dp/B09GJJLDWR?tag=eloabder-20&linkCode=osi&th=1&psc=1"><img src="https://m.media-amazon.com/images/I/51dYorxBpSL._SL500_.jpg" alt="Product Image"></a><p>Purina Beggin' Strips Dog Treats, Original With Bacon Flavor - (Pack of 2) 26 oz. Pouches</p><p>$21.19 ($6.52 / lb)</p><a href="https://www.amazon.com/dp/B09GJJLDWR?tag=eloabder-20&linkCode=osi&th=1&psc=1">View Product</a></div>


<div class="product"><a href="https://www.amazon.com/dp/B0009YWKUA?tag=eloabder-20&linkCode=osi&th=1&psc=1"><img src="https://m.media-amazon.com/images/I/41DzZ0HgS7L._SL500_.jpg" alt="Product Image"></a><p>Blue Buffalo Life Protection Formula Adult Dry Dog Food, Helps Build and Maintain Strong Muscles, Made with Natural Ingredients, Chicken & Brown Rice Recipe, 30-lb. Bag</p><p>$64.98 ($2.17 / lb)</p><a href="https://www.amazon.com/dp/B0009YWKUA?tag=eloabder-20&linkCode=osi&th=1&psc=1">View Product</a></div><div class="product"><a href="https://www.amazon.com/dp/B009IOCCD2?tag=eloabder-20&linkCode=osi&th=1&psc=1"><img src="https://m.media-amazon.com/images/I/41kN4rGGnEL._SL500_.jpg" alt="Product Image"></a><p>Purina ONE Dry Dog Food Lamb and Rice Formula - 31.1 lb. Bag</p><p>$48.98 ($1.57 / lb)</p><a href="https://www.amazon.com/dp/B009IOCCD2?tag=eloabder-20&linkCode=osi&th=1&psc=1">View Product</a></div><div class="product"><a href="https://www.amazon.com/dp/B00BD741WM?tag=eloabder-20&linkCode=osi&th=1&psc=1"><img src="https://m.media-amazon.com/images/I/51DjFJxGuzL._SL500_.jpg" alt="Product Image"></a><p>IAMS Adult Minichunks Small Kibble High Protein Dry Dog Food with Real Chicken, 30 lb. Bag,(Packaging may vary)</p><p>$46.98 ($1.57 / lb)</p><a href="https://www.amazon.com/dp/B00BD741WM?tag=eloabder-20&linkCode=osi&th=1&psc=1">View Product</a></div><div class="product"><a href="https://www.amazon.com/dp/B07KZCGXPS?tag=eloabder-20&linkCode=osi&th=1&psc=1"><img src="https://m.media-amazon.com/images/I/41f7ma8WlmL._SL500_.jpg" alt="Product Image"></a><p>Purina ONE True Instinct Tender Cuts in Gravy With Real Turkey and Venison, and With Real Chicken and Duck High Protein Wet Dog Food Variety Pack - (Pack of 12) 13 oz. Cans</p><p>$28.09 ($2.88 / lb)</p><a href="https://www.amazon.com/dp/B07KZCGXPS?tag=eloabder-20&linkCode=osi&th=1&psc=1">View Product</a></div><div class="product"><a href="https://www.amazon.com/dp/B00M0FHCN6?tag=eloabder-20&linkCode=osi&th=1&psc=1"><img src="https://m.media-amazon.com/images/I/51wLSFGMhDL._SL500_.jpg" alt="Product Image"></a><p>CESAR Adult Wet Dog Food Classic Loaf in Sauce Poultry Variety Pack,. Easy Peel Trays with Real Chicken, Turkey or Duck, 3.5 Ounce (Pack of 24)</p><p>$24.98 ($4.76 / lb)</p><a href="https://www.amazon.com/dp/B00M0FHCN6?tag=eloabder-20&linkCode=osi&th=1&psc=1">View Product</a></div>
<div class="product"><a href="https://www.amazon.com/dp/B08P2D95G8?tag=eloabder-20&linkCode=osi&th=1&psc=1"><img src="https://m.media-amazon.com/images/I/51-0PjesnPL._SL500_.jpg" alt="Product Image"></a><p>Pur Luv Dog Treats, Chicken Jerky for Dogs, Made with 100% Real Chicken Breast, 16 Ounces, Healthy, Easily Digestible, Long-Lasting, High Protein Dog Treat, Satisfies Dog's Urge to Chew</p><p>$11.54 ($0.72 / oz)</p><a href="https://www.amazon.com/dp/B08P2D95G8?tag=eloabder-20&linkCode=osi&th=1&psc=1">View Product</a></div><div class="product"><a href="https://www.amazon.com/dp/B01KZECQRK?tag=eloabder-20&linkCode=osi&th=1&psc=1"><img src="https://m.media-amazon.com/images/I/41mCSdSOW6L._SL500_.jpg" alt="Product Image"></a><p>Pet 'n Shape Chik 'n Hide Twists – Chicken Wrapped Rawhide Natural Dog Treats, Small, 16 oz</p><p>$15.99</p><a href="https://www.amazon.com/dp/B01KZECQRK?tag=eloabder-20&linkCode=osi&th=1&psc=1">View Product</a></div><div class="product"><a href="https://www.amazon.com/dp/B003PMQMK2?tag=eloabder-20&linkCode=osi&th=1&psc=1"><img src="https://m.media-amazon.com/images/I/51rKBA3bcNL._SL500_.jpg" alt="Product Image"></a><p>Milk-Bone MaroSnacks Dog Treats, Beef, 40 Ounce with Real Bone Marrow and Calcium</p><p>$11.48 ($4.59 / lb)</p><a href="https://www.amazon.com/dp/B003PMQMK2?tag=eloabder-20&linkCode=osi&th=1&psc=1">View Product</a></div><div class="product"><a href="https://www.amazon.com/dp/B07BVLGZW6?tag=eloabder-20&linkCode=osi&th=1&psc=1"><img src="https://m.media-amazon.com/images/I/51oBIB2I7HL._SL500_.jpg" alt="Product Image"></a><p>Good'N'Fun P-94130 Triple Flavor Wings Dog Chews, One Size</p><p>$11.65 ($0.97 / oz)</p><a href="https://www.amazon.com/dp/B07BVLGZW6?tag=eloabder-20&linkCode=osi&th=1&psc=1">View Product</a></div><div class="product"><a href="https://www.amazon.com/dp/B003P9XG68?tag=eloabder-20&linkCode=osi&th=1&psc=1"><img src="https://m.media-amazon.com/images/I/41ytS3hkBnL._SL500_.jpg" alt="Product Image"></a><p>Blue Buffalo Health Bars Natural Crunchy Dog Treats Biscuits, Pumpkin & Cinnamon 16-oz Bag</p><p>$4.98 ($0.31 / oz)</p><a href="https://www.amazon.com/dp/B003P9XG68?tag=eloabder-20&linkCode=osi&th=1&psc=1">View Product</a></div><div class="product"><a href="https://www.amazon.com/dp/B0BWBTWXN3?tag=eloabder-20&linkCode=osi&th=1&psc=1"><img src="https://m.media-amazon.com/images/I/31+dzCcvlGL._SL500_.jpg" alt="Product Image"></a><p>Vital Essentials Freeze Dried Raw Single Ingredient Dog Treats, Chicken Hearts, 1.9 oz</p><p>$9.49 ($4.99 / oz)</p><a href="https://www.amazon.com/dp/B0BWBTWXN3?tag=eloabder-20&linkCode=osi&th=1&psc=1">View Product</a></div><div class="product"><a href="https://www.amazon.com/dp/B01C47NRJC?tag=eloabder-20&linkCode=osi&th=1&psc=1"><img src="https://m.media-amazon.com/images/I/51fs1tTjYCL._SL500_.jpg" alt="Product Image"></a><p>Purina Beggin' With Real Meat Dog Treats, Fun Size Original With Bacon Flavor - 25 oz. Pouch</p><p>$11.48 ($7.35 / lb)</p><a href="https://www.amazon.com/dp/B01C47NRJC?tag=eloabder-20&linkCode=osi&th=1&psc=1">View Product</a></div><div class="product"><a href="https://www.amazon.com/dp/B07BVL8TQF?tag=eloabder-20&linkCode=osi&th=1&psc=1"><img src="https://m.media-amazon.com/images/I/41V12A43ClL._SL500_.jpg" alt="Product Image"></a><p>Good'N'Fun Triple Flavored Rawhide Kabobs for Dogs, 1.5 Pound (Pack of 1)</p><p>$17.98 ($11.99 / lb)</p><a href="https://www.amazon.com/dp/B07BVL8TQF?tag=eloabder-20&linkCode=osi&th=1&psc=1">View Product</a></div>
<div class="product"><a href="https://www.amazon.com/dp/B00G5M75UK?tag=eloabder-20&linkCode=osi&th=1&psc=1"><img src="https://m.media-amazon.com/images/I/51eJ6OzgqGL._SL500_.jpg" alt="Product Image"></a><p>Best Pet Supplies 2-in-1 Stuffless Squeaky Dog Toys with Soft, Durable Fabric for Small, Medium, and Large Pets, No Stuffing for Indoor Play, Supports Active Biting and Play - 1Wild Duck, Small</p><p>$4.99</p><a href="https://www.amazon.com/dp/B00G5M75UK?tag=eloabder-20&linkCode=osi&th=1&psc=1">View Product</a></div><div class="product"><a href="https://www.amazon.com/dp/B0BGBHXSWH?tag=eloabder-20&linkCode=osi&th=1&psc=1"><img src="https://m.media-amazon.com/images/I/510SJqCt8qL._SL500_.jpg" alt="Product Image"></a><p>Cowjag Cat Toys, Laser Pointer with 5 Adjustable Patterns, USB Recharge Laser, Long Range and 3 Modes Training Chaser Interactive Toy, Dog Laser Toy</p><p>$9.99</p><a href="https://www.amazon.com/dp/B0BGBHXSWH?tag=eloabder-20&linkCode=osi&th=1&psc=1">View Product</a></div><div class="product"><a href="https://www.amazon.com/dp/B00CPDWT2M?tag=eloabder-20&linkCode=osi&th=1&psc=1"><img src="https://m.media-amazon.com/images/I/318fAcfhAdL._SL500_.jpg" alt="Product Image"></a><p>Benebone Wishbone Durable Dog Chew Toy for Aggressive Chewers, Real Bacon, Made in USA, Medium</p><p>$9.74</p><a href="https://www.amazon.com/dp/B00CPDWT2M?tag=eloabder-20&linkCode=osi&th=1&psc=1">View Product</a></div>



<div class="product"><a href="https://www.amazon.com/dp/B00BUFYFKK?tag=eloabder-20&linkCode=osi&th=1&psc=1"><img src="https://m.media-amazon.com/images/I/51kfe3GnT3L._SL500_.jpg" alt="Product Image"></a><p>Hartz UltraGuard Purple Flea & Tick Collar for Cats and Kittens - 7 Month Protection</p><p>$3.58</p><a href="https://www.amazon.com/dp/B00BUFYFKK?tag=eloabder-20&linkCode=osi&th=1&psc=1">View Product</a></div>


<div class="product"><a href="https://www.amazon.com/dp/B005CUTWDE?tag=eloabder-20&linkCode=osi&th=1&psc=1"><img src="https://m.media-amazon.com/images/I/41j4IEfx6wL._SL500_.jpg" alt="Product Image"></a><p>Wahl USA Dry Skin & Itch Relief Pet Shampoo for Dogs – Oatmeal Formula with Coconut Lime Verbena & Pet Friendly Formula, 24 Oz - Model 820004A</p><p>$8.97</p><a href="https://www.amazon.com/dp/B005CUTWDE?tag=eloabder-20&linkCode=osi&th=1&psc=1">View Product</a></div><div class="product"><a href="https://www.amazon.com/dp/B005CUTW8O?tag=eloabder-20&linkCode=osi&th=1&psc=1"><img src="https://m.media-amazon.com/images/I/415nQL+xAbL._SL500_.jpg" alt="Product Image"></a><p>Wahl USA 4-in-1 Calming Pet Shampoo for Dogs – Cleans, Conditions, Detangles, & Moisturizes with Lavender Chamomile - Pet Friendly Formula - 24 Oz - Model 820000A</p><p>$8.48</p><a href="https://www.amazon.com/dp/B005CUTW8O?tag=eloabder-20&linkCode=osi&th=1&psc=1">View Product</a></div><div class="product"><a href="https://www.amazon.com/dp/B08ZJYBN9Y?tag=eloabder-20&linkCode=osi&th=1&psc=1"><img src="https://m.media-amazon.com/images/I/31KdutxWCzL._SL500_.jpg" alt="Product Image"></a><p>OUAI Fur Bébé Pet Shampoo, Mercer Street Scent - Dog Shampoo and Coat Wash for Hydrating, Cleansing and Adding Shine to Pet Hair - Pet Supplies by OUAI (16 Fl Oz)</p><p>$32.00</p><a href="https://www.amazon.com/dp/B08ZJYBN9Y?tag=eloabder-20&linkCode=osi&th=1&psc=1">View Product</a></div><div class="product"><a href="https://www.amazon.com/dp/B07RVD63J1?tag=eloabder-20&linkCode=osi&th=1&psc=1"><img src="https://m.media-amazon.com/images/I/31f8QK2qe2L._SL500_.jpg" alt="Product Image"></a><p>Arm & Hammer Super Deodorizing Shampoo For Dogs - Odor Eliminating Dog Shampoo For Smelly Dogs & Puppies With Arm & Hammer Baking Soda -- Kiwi Blossom Scent, 20 Fl Oz,White</p><p>$4.98</p><a href="https://www.amazon.com/dp/B07RVD63J1?tag=eloabder-20&linkCode=osi&th=1&psc=1">View Product</a></div><div class="product"><a href="https://www.amazon.com/dp/B079T44C3J?tag=eloabder-20&linkCode=osi&th=1&psc=1"><img src="https://m.media-amazon.com/images/I/41aKOigtAPL._SL500_.jpg" alt="Product Image"></a><p>Wahl USA Dry Skin & Itch Relief Pet Shampoo for Dogs – Oatmeal Formula with Coconut Lime Verbena - 64 Oz - Model 821004-050</p><p>$19.99</p><a href="https://www.amazon.com/dp/B079T44C3J?tag=eloabder-20&linkCode=osi&th=1&psc=1">View Product</a></div><div class="product"><a href="https://www.amazon.com/dp/B0791LY9MW?tag=eloabder-20&linkCode=osi&th=1&psc=1"><img src="https://m.media-amazon.com/images/I/41evpDHPYpL._SL500_.jpg" alt="Product Image"></a><p>Pawfume Dog Shampoo and Conditioner – Hypoallergenic Dog Shampoo for Smelly Dogs – Best Dog Shampoos & Conditioners – Probiotic Pet Shampoo for Dogs – Best Dog Shampoo for Puppies (Show Dog)</p><p>$12.99 ($1.08 / Fl Oz)</p><a href="https://www.amazon.com/dp/B0791LY9MW?tag=eloabder-20&linkCode=osi&th=1&psc=1">View Product</a></div><div class="product"><a href="https://www.amazon.com/dp/B018FGSTT4?tag=eloabder-20&linkCode=osi&th=1&psc=1"><img src="https://m.media-amazon.com/images/I/41879dA1aHL._SL500_.jpg" alt="Product Image"></a><p>Oatmeal Dog Shampoo & Conditioner 17oz [USA] 5 in 1 Plant-Based Organic Sulfate-Free Soap-Free-Tearless Moisturizer for Dandruff Allergies & Itchy Dry Sensitive Skin-Puppy Grooming [Pro Pet Works]</p><p>$16.99</p><a href="https://www.amazon.com/dp/B018FGSTT4?tag=eloabder-20&linkCode=osi&th=1&psc=1">View Product</a></div><div class="product"><a href="https://www.amazon.com/dp/B002GPD8BU?tag=eloabder-20&linkCode=osi&th=1&psc=1"><img src="https://m.media-amazon.com/images/I/41ctLsjd+hL._SL500_.jpg" alt="Product Image"></a><p>TropiClean 2-in-1 Papaya & Coconut Dog Shampoo and Conditioner | Natural Pet Shampoo Derived from Natural Ingredients | Cat Friendly | Made in the USA | 20 oz.</p><p>$14.99</p><a href="https://www.amazon.com/dp/B002GPD8BU?tag=eloabder-20&linkCode=osi&th=1&psc=1">View Product</a></div><div class="product"><a href="https://www.amazon.com/dp/B07K6JSBRB?tag=eloabder-20&linkCode=osi&th=1&psc=1"><img src="https://m.media-amazon.com/images/I/41kU4IxjB1L._SL500_.jpg" alt="Product Image"></a><p>Pet Honesty Chlorhexidine Cat & Dog Anti-itch Shampoo, for Allergies, Itching, Dog Skin and Coat Supplement, Helps Shedding, Hot Spots, Deodorizing Dog Shampoo, Dog Grooming Supplies,16oz</p><p>$20.99</p><a href="https://www.amazon.com/dp/B07K6JSBRB?tag=eloabder-20&linkCode=osi&th=1&psc=1">View Product</a></div>
<div class="product"><a href="https://www.amazon.com/dp/B002CZR9QY?tag=eloabder-20&linkCode=osi&th=1&psc=1"><img src="https://m.media-amazon.com/images/I/31SypTuKXPL._SL500_.jpg" alt="Product Image"></a><p>Veterinary Formula Smart Coat Complex Ultra Oatmeal Moisturizing Conditioner for Dogs, 17 Fl oz – with Colloidal Oatmeal & Jojoba – Leaves Coat Soft, Shiny, Hydrated, Strong, with Long-Lasting Scent</p><p>$9.99</p><a href="https://www.amazon.com/dp/B002CZR9QY?tag=eloabder-20&linkCode=osi&th=1&psc=1">View Product</a></div><div class="product"><a href="https://www.amazon.com/dp/B00CVTROQ6?tag=eloabder-20&linkCode=osi&th=1&psc=1"><img src="https://m.media-amazon.com/images/I/41aR-yjG0JL._SL500_.jpg" alt="Product Image"></a><p>Burt's Bees for Pets Naturally Derived Oatmeal Conditioner with Colloidal Oat Flour & Honey - Dog Oatmeal Shampoo - Cruelty Free, Made in the USA - 10 Oz</p><p>$7.98</p><a href="https://www.amazon.com/dp/B00CVTROQ6?tag=eloabder-20&linkCode=osi&th=1&psc=1">View Product</a></div><div class="product"><a href="https://www.amazon.com/dp/B002GPEMCE?tag=eloabder-20&linkCode=osi&th=1&psc=1"><img src="https://m.media-amazon.com/images/I/41aROtv96VL._SL500_.jpg" alt="Product Image"></a><p>TropiClean Kiwi & Coco Butter Moisturizing Dog Conditioner | Natural Pet Conditioner Derived from Natural Ingredients | Cat Friendly | Made in the USA | 20 oz.</p><p>$14.99</p><a href="https://www.amazon.com/dp/B002GPEMCE?tag=eloabder-20&linkCode=osi&th=1&psc=1">View Product</a></div><div class="product"><a href="https://www.amazon.com/dp/B0733Q6FZS?tag=eloabder-20&linkCode=osi&th=1&psc=1"><img src="https://m.media-amazon.com/images/I/41UVp4A19EL._SL500_.jpg" alt="Product Image"></a><p>earthbath, Oatmeal & Aloe Dog Shampoo and Conditioner - Oatmeal Shampoo for Dogs, Itchy, Dry Skin Relief, Dog Wash, Made in USA, Dog Conditioner, Pet Shampoos - Vanilla & Almond, 16 Oz (1 Set)</p><p>$29.50</p><a href="https://www.amazon.com/dp/B0733Q6FZS?tag=eloabder-20&linkCode=osi&th=1&psc=1">View Product</a></div><div class="product"><a href="https://www.amazon.com/dp/B00LNEDFVS?tag=eloabder-20&linkCode=osi&th=1&psc=1"><img src="https://m.media-amazon.com/images/I/31wJ3gR-zkL._SL500_.jpg" alt="Product Image"></a><p>earthbath Oatmeal & Aloe Conditioner, Fragrance Free, 16 oz – Dog Conditioner for Allergies and Itching, Dry Skin – Made in USA</p><p>$17.31</p><a href="https://www.amazon.com/dp/B00LNEDFVS?tag=eloabder-20&linkCode=osi&th=1&psc=1">View Product</a></div><div class="product"><a href="https://www.amazon.com/dp/B088S8XKJN?tag=eloabder-20&linkCode=osi&th=1&psc=1"><img src="https://m.media-amazon.com/images/I/31PU8NG6t6L._SL500_.jpg" alt="Product Image"></a><p>BioSilk for Dogs Silk Therapy Detangling Conditioner | Sulfate and Paraben Free Matted Hair Dog Detangler Conditioner for All Adult Dogs, 12 Fl Oz Made in The USA,Beige</p><p>$9.99</p><a href="https://www.amazon.com/dp/B088S8XKJN?tag=eloabder-20&linkCode=osi&th=1&psc=1">View Product</a></div><div class="product"><a href="https://www.amazon.com/dp/B08P4T75LL?tag=eloabder-20&linkCode=osi&th=1&psc=1"><img src="https://m.media-amazon.com/images/I/31rhZnbNzgL._SL500_.jpg" alt="Product Image"></a><p>PET Head Sensitive Soul Conditioner for Dogs with Sensitive Skin 8.4 fl. oz. Coconut Scent. Hypoallergenic and Soothing, Natural Ingredients and Vegan. Gentle Formula for Puppies. Made in USA</p><p>$15.99</p><a href="https://www.amazon.com/dp/B08P4T75LL?tag=eloabder-20&linkCode=osi&th=1&psc=1">View Product</a></div>

<div class="product"><a href="https://www.amazon.com/dp/B07SHGK4M5?tag=eloabder-20&linkCode=osi&th=1&psc=1"><img src="https://m.media-amazon.com/images/I/5130vs0twCL._SL500_.jpg" alt="Product Image"></a><p>GNAWRISHING Flea Comb 4Pcs with High Strength Teeth Pet Tear Stain Remover Combs, Pet Dog Cat Grooming Comb Set Effective Float Hair Remover</p><p>$5.98</p><a href="https://www.amazon.com/dp/B07SHGK4M5?tag=eloabder-20&linkCode=osi&th=1&psc=1">View Product</a></div>
<div class="product"><a href="https://www.amazon.com/dp/B09V5PDTSD?tag=eloabder-20&linkCode=osi&th=1&psc=1"><img src="https://m.media-amazon.com/images/I/514U8rhVWcL._SL500_.jpg" alt="Product Image"></a><p>iToleeve LED Dog Nail Clipper with Light, Illuminates Nails or Bloodline for Safe and Easy Trimmers, Extra Sharp for Thick nails, Quick Sensor, Avoid Over Cutting Toenail, for Cats & Dogs</p><p>$20.99 ($20.99 / Count)</p><a href="https://www.amazon.com/dp/B09V5PDTSD?tag=eloabder-20&linkCode=osi&th=1&psc=1">View Product</a></div>



<div class="product"><a href="https://www.amazon.com/dp/B00MW8G3YU?tag=eloabder-20&linkCode=osi&th=1&psc=1"><img src="https://m.media-amazon.com/images/I/31KsVrUeevL._SL500_.jpg" alt="Product Image"></a><p>Amazon Basics Dog and Puppy Pee Pads with 5-Layer Leak-Proof Design and Quick-Dry Surface for Potty Training, Standard Absorbency, Regular Size, 22 x 22 Inch - Pack of 50, Blue & White</p><p>$11.85 ($0.24 / Count)</p><a href="https://www.amazon.com/dp/B00MW8G3YU?tag=eloabder-20&linkCode=osi&th=1&psc=1">View Product</a></div><div class="product"><a href="https://www.amazon.com/dp/B0CXM4NGZG?tag=eloabder-20&linkCode=osi&th=1&psc=1"><img src="https://m.media-amazon.com/images/I/41bxvVfBFkL._SL500_.jpg" alt="Product Image"></a><p>Dog Ear Cleaner Finger Wipes，Premium Ear Finger Wipes for Dogs Cats 50 Pcs Reduce Earwax Buildup Sooths Deodorizes Relieve Ear Itching Inflammation, Fresh Coconut Scent, Natural Ingredients (100 Pcs)</p><p>$12.34</p><a href="https://www.amazon.com/dp/B0CXM4NGZG?tag=eloabder-20&linkCode=osi&th=1&psc=1">View Product</a></div>













<div class="product"><a href="https://www.amazon.com/dp/B00PQ5UH0C?tag=eloabder-20&linkCode=osi&th=1&psc=1"><img src="https://m.media-amazon.com/images/I/51mFFpJO-aL._SL500_.jpg" alt="Product Image"></a><p>Wobble Wag Giggle Ball, Interactive Dog Toy, Fun Giggle Sounds When Rolled or Shaken, Pets Know Best, As Seen On TV</p><p>$14.99</p><a href="https://www.amazon.com/dp/B00PQ5UH0C?tag=eloabder-20&linkCode=osi&th=1&psc=1">View Product</a></div><div class="product"><a href="https://www.amazon.com/dp/B0054C9B1I?tag=eloabder-20&linkCode=osi&th=1&psc=1"><img src="https://m.media-amazon.com/images/I/51ubAM+J5DL._SL500_.jpg" alt="Product Image"></a><p>Hyper Pet Doggie Tail Interactive Plush Dog Toys (Wiggles, Vibrates, and Barks, Stimulating Play)</p><p>$16.77</p><a href="https://www.amazon.com/dp/B0054C9B1I?tag=eloabder-20&linkCode=osi&th=1&psc=1">View Product</a></div>






<div class="product"><a href="https://www.amazon.com/dp/B00JZHRYFI?tag=eloabder-20&linkCode=osi&th=1&psc=1"><img src="https://m.media-amazon.com/images/I/41xHqz3QFML._SL500_.jpg" alt="Product Image"></a><p>PetSafe Happy Ride Metal Dog Barrier - Adjusts to Fit Your Vehicle - Keeps Pets Off Passenger Seats - Sturdy Construction</p><p>$55.21</p><a href="https://www.amazon.com/dp/B00JZHRYFI?tag=eloabder-20&linkCode=osi&th=1&psc=1">View Product</a></div>

<div class="product"><a href="https://www.amazon.com/dp/B0CVXNKVWC?tag=eloabder-20&linkCode=osi&th=1&psc=1"><img src="https://m.media-amazon.com/images/I/41dsqiNkA+L._SL500_.jpg" alt="Product Image"></a><p>Jazzy Fuzzy Pet Heating Pad, 6 Adjustable Temperature Dog Cat Heating Pad with Timer, Waterproof Heating Pad Indoor for Dogs with Chew Resistant Cord (S:18" x 16")</p><p>$29.66</p><a href="https://www.amazon.com/dp/B0CVXNKVWC?tag=eloabder-20&linkCode=osi&th=1&psc=1">View Product</a></div>
<div class="product"><a href="https://www.amazon.com/dp/B0BPQRR1PN?tag=eloabder-20&linkCode=osi&th=1&psc=1"><img src="https://m.media-amazon.com/images/I/41Ppxz4+IFL._SL500_.jpg" alt="Product Image"></a><p>Newday Dog Toothbrush Set of 8 - Dual Headed, Dental Hygiene Convenient Soft Toothbrush to Clean pet Teeth, Dog Tooth Brushes for Small to Large Dogs, Cats, and Most Pets, Teeth Brush in Bulk</p><p>$6.99 ($0.87 / Count)</p><a href="https://www.amazon.com/dp/B0BPQRR1PN?tag=eloabder-20&linkCode=osi&th=1&psc=1">View Product</a></div><div class="product"><a href="https://www.amazon.com/dp/B0BRMQHYTW?tag=eloabder-20&linkCode=osi&th=1&psc=1"><img src="https://m.media-amazon.com/images/I/41hDIKxNIUL._SL500_.jpg" alt="Product Image"></a><p>HICC PET Teeth Cleaning Wipes for Dogs & Cats, Remove Bad Breath by Removing Plaque and Tartar Buildup No-Rinse Dog Finger Toothbrush, Disposable Gentle Cleaning & Gum Care Pet Wipes, 50 Counts</p><p>$15.99</p><a href="https://www.amazon.com/dp/B0BRMQHYTW?tag=eloabder-20&linkCode=osi&th=1&psc=1">View Product</a></div><div class="product"><a href="https://www.amazon.com/dp/B098PF4NPQ?tag=eloabder-20&linkCode=osi&th=1&psc=1"><img src="https://m.media-amazon.com/images/I/51J4B-P+q5L._SL500_.jpg" alt="Product Image"></a><p>Jasper Dog Toothbrush, 360º Dog Tooth Brushing Kit, Cat Toothbrush, Dog Teeth Cleaning, Dog Finger Toothbrush, Dog Tooth Brush for Small & Large Pets, Dog Toothpaste Not Included - Blue 2-Pack</p><p>$13.99 ($7.00 / Count)</p><a href="https://www.amazon.com/dp/B098PF4NPQ?tag=eloabder-20&linkCode=osi&th=1&psc=1">View Product</a></div><div class="product"><a href="https://www.amazon.com/dp/B08B7238H5?tag=eloabder-20&linkCode=osi&th=1&psc=1"><img src="https://m.media-amazon.com/images/I/41TrsZlWCuL._SL500_.jpg" alt="Product Image"></a><p>Pet Toothbrush for Dogs, Cats with Soft Bristles - Easy Teeth Cleaning & Dental Care, Non Slip Dual Head Dog Toothbrush</p><p>$6.79</p><a href="https://www.amazon.com/dp/B08B7238H5?tag=eloabder-20&linkCode=osi&th=1&psc=1">View Product</a></div><div class="product"><a href="https://www.amazon.com/dp/B0C3M7TD8R?tag=eloabder-20&linkCode=osi&th=1&psc=1"><img src="https://m.media-amazon.com/images/I/51COSpzGOjL._SL500_.jpg" alt="Product Image"></a><p>VIWIK 4Pack Dog Toothbrush Dog Tooth Brushing Kit, Cat Finger Toothbrush for Dogs Small Breed, Medium Large Dogs, Puppy Toothbrush for Dog Teeth Cleaning & Dental Care, Pet Finger Toothbrush Kit</p><p>$6.49 ($1.62 / Count)</p><a href="https://www.amazon.com/dp/B0C3M7TD8R?tag=eloabder-20&linkCode=osi&th=1&psc=1">View Product</a></div><div class="product"><a href="https://www.amazon.com/dp/B00B5RFJB2?tag=eloabder-20&linkCode=osi&th=1&psc=1"><img src="https://m.media-amazon.com/images/I/414Mxf1TTTL._SL500_.jpg" alt="Product Image"></a><p>Arm & Hammer for Pets Tartar Control Kit for Dogs | Contains Toothpaste, Toothbrush & Fingerbrush | Reduces Plaque & Tartar Buildup | Safe for Puppies, 3-Piece , Beef Flavor</p><p>$7.89 ($3.16 / Ounce)</p><a href="https://www.amazon.com/dp/B00B5RFJB2?tag=eloabder-20&linkCode=osi&th=1&psc=1">View Product</a></div><div class="product"><a href="https://www.amazon.com/dp/B0BRXMC97P?tag=eloabder-20&linkCode=osi&th=1&psc=1"><img src="https://m.media-amazon.com/images/I/31EQPPcpx-L._SL500_.jpg" alt="Product Image"></a><p>JAYU PET Dental Care Brush (Soft Bristles) - Toothbrush for Cat and Small Dog with Horizontal Head & Easy Grip Handle (1)</p><p>$9.99</p><a href="https://www.amazon.com/dp/B0BRXMC97P?tag=eloabder-20&linkCode=osi&th=1&psc=1">View Product</a></div><div class="product"><a href="https://www.amazon.com/dp/B09SXPVN5D?tag=eloabder-20&linkCode=osi&th=1&psc=1"><img src="https://m.media-amazon.com/images/I/41VfEMZtHxL._SL500_.jpg" alt="Product Image"></a><p>EASYA Double Headed Pet Dog Toothbrush for Small Dogs/Soft Bristles Puppy Long Handle Tooth Brush Dogs Teeth Cleaning/Bulk Toothbrushes Dental & Oral Care… (MIXED10)</p><p>$4.99 ($4.99 / Count)</p><a href="https://www.amazon.com/dp/B09SXPVN5D?tag=eloabder-20&linkCode=osi&th=1&psc=1">View Product</a></div><div class="product"><a href="https://www.amazon.com/dp/B06XKJNFXX?tag=eloabder-20&linkCode=osi&th=1&psc=1"><img src="https://m.media-amazon.com/images/I/51tetoX-VcL._SL500_.jpg" alt="Product Image"></a><p>Vet's Best Dog Toothbrush & Enzymatic Toothpaste Kit - Teeth Cleaning - Made with Natural Ingredients - Reduces Plaque, Whitens Teeth, Freshens Breath - Bonus Care Guide & Finger Brush Included</p><p>$9.26</p><a href="https://www.amazon.com/dp/B06XKJNFXX?tag=eloabder-20&linkCode=osi&th=1&psc=1">View Product</a></div>
<div class="product"><a href="https://www.amazon.com/dp/B00RZDXA7K?tag=eloabder-20&linkCode=osi&th=1&psc=1"><img src="https://m.media-amazon.com/images/I/41gpC5xESnL._SL500_.jpg" alt="Product Image"></a><p>Virbac CET Enzymatic Toothpaste| Eliminates Bad Breath by Removing Plaque & Tartar Buildup | Best Pet Dental Care Toothpaste | Poultry Flavor, 2.5 oz tube</p><p>$11.52 ($4.61 / Ounce)</p><a href="https://www.amazon.com/dp/B00RZDXA7K?tag=eloabder-20&linkCode=osi&th=1&psc=1">View Product</a></div><div class="product"><a href="https://www.amazon.com/dp/B08QJPJNGY?tag=eloabder-20&linkCode=osi&th=1&psc=1"><img src="https://m.media-amazon.com/images/I/41AHDzkNc5L._SL500_.jpg" alt="Product Image"></a><p>Arm & Hammer Complete Care Enzymatic Dog Toothpaste, 6.2 oz - Dog Toothpaste for Puppies and Adult Dogs, Arm and Hammer Toothpaste for Dogs - Pet Toothpaste, Dog Dental Care and Clean Dog Teeth</p><p>$5.82 ($0.94 / Ounce)</p><a href="https://www.amazon.com/dp/B08QJPJNGY?tag=eloabder-20&linkCode=osi&th=1&psc=1">View Product</a></div><div class="product"><a href="https://www.amazon.com/dp/B0778GHYXP?tag=eloabder-20&linkCode=osi&th=1&psc=1"><img src="https://m.media-amazon.com/images/I/41fl3mRiRtL._SL500_.jpg" alt="Product Image"></a><p>Petsmile Professional Pet Toothpaste - Cat & Dog Teeth Cleaning Supplies - Controls Plaque, Tartar, & Bad Breath - VOHC Accepted Toothpaste - Pet Dental Care Essentials (London Broil, 2.5 Oz)</p><p>$14.99</p><a href="https://www.amazon.com/dp/B0778GHYXP?tag=eloabder-20&linkCode=osi&th=1&psc=1">View Product</a></div><div class="product"><a href="https://www.amazon.com/dp/B0002AQMZU?tag=eloabder-20&linkCode=osi&th=1&psc=1"><img src="https://m.media-amazon.com/images/I/31bv4h2hNOL._SL500_.jpg" alt="Product Image"></a><p>Vet’s Best Enzymatic Dog Toothpaste | Teeth Cleaning and Fresh Breath Dental Care Gel | Vet Formulated | 3.5 Ounces | Grape flavor</p><p>$11.48</p><a href="https://www.amazon.com/dp/B0002AQMZU?tag=eloabder-20&linkCode=osi&th=1&psc=1">View Product</a></div><div class="product"><a href="https://www.amazon.com/dp/B00025K0R6?tag=eloabder-20&linkCode=osi&th=1&psc=1"><img src="https://m.media-amazon.com/images/I/41RMHNoofoL._SL500_.jpg" alt="Product Image"></a><p>Petrodex Toothpaste for Dogs and Puppies, Cleans Teeth and Fights Bad Breath, Reduces Plaque and Tartar Formation, Enzymatic Toothpaste, Poultry Flavor, 6.2oz</p><p>$10.03 ($1.62 / Ounce)</p><a href="https://www.amazon.com/dp/B00025K0R6?tag=eloabder-20&linkCode=osi&th=1&psc=1">View Product</a></div><div class="product"><a href="https://www.amazon.com/dp/B08QJFZCDK?tag=eloabder-20&linkCode=osi&th=1&psc=1"><img src="https://m.media-amazon.com/images/I/41bOWd5qb3L._SL500_.jpg" alt="Product Image"></a><p>Arm & Hammer Complete Care Enzymatic Dog Toothpaste Value Size | 6.2 oz Peanut Butter Flavor Enzymatic Dog Toothpaste for Puppies | Great Tasting Dog Toothpaste with Arm & Hammer Baking Soda</p><p>$6.63 ($1.07 / Ounce)</p><a href="https://www.amazon.com/dp/B08QJFZCDK?tag=eloabder-20&linkCode=osi&th=1&psc=1">View Product</a></div><div class="product"><a href="https://www.amazon.com/dp/B098953TJN?tag=eloabder-20&linkCode=osi&th=1&psc=1"><img src="https://m.media-amazon.com/images/I/31EsN5mPA9S._SL500_.jpg" alt="Product Image"></a><p>Petsmile Professional Pet Tooth Brushing Kit - Cat & Dog Toothbrush & Toothpaste - Control Plaque, Tartar & Bad Breath - VOHC Accepted Toothpaste - Teeth Cleaning Supplies (London Broil, 2.5 Oz)</p><p>$25.00 ($10.00 / Ounce)</p><a href="https://www.amazon.com/dp/B098953TJN?tag=eloabder-20&linkCode=osi&th=1&psc=1">View Product</a></div><div class="product"><a href="https://www.amazon.com/dp/B01KD8725Y?tag=eloabder-20&linkCode=osi&th=1&psc=1"><img src="https://m.media-amazon.com/images/I/411faxe3KUL._SL500_.jpg" alt="Product Image"></a><p>Arm & Hammer for Pets Clinical Care Dental Enzymatic Toothpaste for Dogs | Soothes Inflamed Gums | Safe for Puppies 1 Pack Fresh Breath Vanilla Ginger</p><p>$5.99 ($2.40 / Ounce)</p><a href="https://www.amazon.com/dp/B01KD8725Y?tag=eloabder-20&linkCode=osi&th=1&psc=1">View Product</a></div><div class="product"><a href="https://www.amazon.com/dp/B08QJNMHLZ?tag=eloabder-20&linkCode=osi&th=1&psc=1"><img src="https://m.media-amazon.com/images/I/41HvsSGBm5L._SL500_.jpg" alt="Product Image"></a><p>Arm & Hammer Complete Care Dog Dental Kit | 2.5 oz Chicken Flavor Enzymatic Dog Toothpaste, Toothbrush, & Finger Brush | Baking Soda Enhanced Formula for Fresh Breath and Tartar Control</p><p>$5.82 ($2.33 / Ounce)</p><a href="https://www.amazon.com/dp/B08QJNMHLZ?tag=eloabder-20&linkCode=osi&th=1&psc=1">View Product</a></div><div class="product"><a href="https://www.amazon.com/dp/B0CPQ26CG8?tag=eloabder-20&linkCode=osi&th=1&psc=1"><img src="https://m.media-amazon.com/images/I/31gKo9WixRL._SL500_.jpg" alt="Product Image"></a><p>Remineralizing Dog Toothpaste – Vet-Grade, with Nano-Hydroxyapatite, Reverses Early-Stage Decay, Cleans Teeth, Removes Tartar, Freshens Breath by Arterra Pet Science, Plant-Based, Natural Flavor, 4oz</p><p>$19.99 ($5.00 / Ounce)</p><a href="https://www.amazon.com/dp/B0CPQ26CG8?tag=eloabder-20&linkCode=osi&th=1&psc=1">View Product</a></div>


<div class="product"><a href="https://www.amazon.com/dp/B0C58GKQR3?tag=eloabder-20&linkCode=osi&th=1&psc=1"><img src="https://m.media-amazon.com/images/I/41ntA-bHrVL._SL500_.jpg" alt="Product Image"></a><p>MySimplePetLab Dog First Aid Kit | First Aid Dog Travel Accessories | Dog Medical Kit | Dog Essentials Mini First Aid for Wounds, Cuts, or Minor Injuries</p><p>$39.99 ($39.99 / Count)</p><a href="https://www.amazon.com/dp/B0C58GKQR3?tag=eloabder-20&linkCode=osi&th=1&psc=1">View Product</a></div>
<div class="product"><a href="https://www.amazon.com/dp/B0CSPNSVXK?tag=eloabder-20&linkCode=osi&th=1&psc=1"><img src="https://m.media-amazon.com/images/I/41HxJh914vL._SL500_.jpg" alt="Product Image"></a><p>Advanced Health Monitoring Pee Pads for Dogs – Color-Changing, Leak-Proof, and Odor-Control | As Seen on Shark Tank | Genius</p><p>$24.99</p><a href="https://www.amazon.com/dp/B0CSPNSVXK?tag=eloabder-20&linkCode=osi&th=1&psc=1">View Product</a></div>








<div class="product"><a href="https://www.amazon.com/dp/B002AI39QW?tag=eloabder-20&linkCode=osi&th=1&psc=1"><img src="https://m.media-amazon.com/images/I/41vafEl3pTL._SL500_.jpg" alt="Product Image"></a><p>Epi-Pet K-9 Care Sunscreen, Paws to Tail Protection, Prevents Sunburns on Dogs and Horses, Sun Protector Spray, SPF 30+, Non-Greasy/Oily Solution – 3.5 oz</p><p>$17.95</p><a href="https://www.amazon.com/dp/B002AI39QW?tag=eloabder-20&linkCode=osi&th=1&psc=1">View Product</a></div><div class="product"><a href="https://www.amazon.com/dp/B08DDJYJJC?tag=eloabder-20&linkCode=osi&th=1&psc=1"><img src="https://m.media-amazon.com/images/I/41AGRXwbz9L._SL500_.jpg" alt="Product Image"></a><p>Bodhi Dog Sunscreen | Large 8oz SPF 30+ Moisturizing Pet Sunscreen | Safe for All Breeds of Dogs, Cats and Horses | Natural Skin Protection and Conditioner for Skin, Coat, Nose, and Ears | USA Made</p><p>$13.99 ($1.75 / Fl Oz)</p><a href="https://www.amazon.com/dp/B08DDJYJJC?tag=eloabder-20&linkCode=osi&th=1&psc=1">View Product</a></div><div class="product"><a href="https://www.amazon.com/dp/B07SB22JNX?tag=eloabder-20&linkCode=osi&th=1&psc=1"><img src="https://m.media-amazon.com/images/I/41LcLbaDSXL._SL500_.jpg" alt="Product Image"></a><p>EBPP Dog Sunscreen Sun Skin Protector Spray 8 oz - Safe for All Breeds with No Zinc Oxide - Pet Protection and Moisturizer for Skin, Coat, Nose, Ears</p><p>$18.95 ($2.37 / Fl Oz)</p><a href="https://www.amazon.com/dp/B07SB22JNX?tag=eloabder-20&linkCode=osi&th=1&psc=1">View Product</a></div><div class="product"><a href="https://www.amazon.com/dp/B08Z1WPGJX?tag=eloabder-20&linkCode=osi&th=1&psc=1"><img src="https://m.media-amazon.com/images/I/41IgTyrpxBL._SL500_.jpg" alt="Product Image"></a><p>Bodhi Dog Sunscreen | Extra Large 16.5 Ounce SPF 30+ Moisturizing Pet Safe for All Breeds of Dogs, Cats and Horses | Skin Protection and Conditioner for Skin, Coat, Nose, and Ears | USA Made</p><p>$16.99</p><a href="https://www.amazon.com/dp/B08Z1WPGJX?tag=eloabder-20&linkCode=osi&th=1&psc=1">View Product</a></div><div class="product"><a href="https://www.amazon.com/dp/B0CSTCW6WL?tag=eloabder-20&linkCode=osi&th=1&psc=1"><img src="https://m.media-amazon.com/images/I/41UbNRTz7zL._SL500_.jpg" alt="Product Image"></a><p>Pet Sunscreen Balm, 60ml, SPF 15, Moisturizing, Eco-Friendly Tin, Non-Toxic Formula for Dogs and Cats</p><p>$14.99 ($0.25 / Gram)</p><a href="https://www.amazon.com/dp/B0CSTCW6WL?tag=eloabder-20&linkCode=osi&th=1&psc=1">View Product</a></div><div class="product"><a href="https://www.amazon.com/dp/B071K355ZQ?tag=eloabder-20&linkCode=osi&th=1&psc=1"><img src="https://m.media-amazon.com/images/I/51UiYOPTELL._SL500_.jpg" alt="Product Image"></a><p>SIT. STAY. FOREVER. SAFETY FIRST PET PRODUCTS Organic Sunscreen & Moisturizer for dogs and cats, 2 oz, All Natural, Waterproof, Red Raspberry Seed, Carrot Seed and Hemp Oils, Made in MAINE</p><p>$15.99 ($8.00 / Ounce)</p><a href="https://www.amazon.com/dp/B071K355ZQ?tag=eloabder-20&linkCode=osi&th=1&psc=1">View Product</a></div><div class="product"><a href="https://www.amazon.com/dp/B008F4OOM8?tag=eloabder-20&linkCode=osi&th=1&psc=1"><img src="https://m.media-amazon.com/images/I/31F67SFV7BL._SL500_.jpg" alt="Product Image"></a><p>Petkin Dog Sunscreen Sunstick – Sunscreen for Dogs and Puppies, SPF 15 – Simply Rub on Anytime for Instant Sun Protection – Vanilla Coconut Scent, .5 oz Net Weight – Ideal for Home or Travel</p><p>$11.97</p><a href="https://www.amazon.com/dp/B008F4OOM8?tag=eloabder-20&linkCode=osi&th=1&psc=1">View Product</a></div><div class="product"><a href="https://www.amazon.com/dp/B079VHFBGB?tag=eloabder-20&linkCode=osi&th=1&psc=1"><img src="https://m.media-amazon.com/images/I/51j8zibHIzL._SL500_.jpg" alt="Product Image"></a><p>Handy Hound SnoutScreen - All-Natural Organic Vet-Recommended Dog Nose balm and Paw Balm with Natural Sunscreen - Made in the USA Protect Your Dog from Harmful UVB/UVC Rays - 2 oz</p><p>$20.99 ($20.99 / Count)</p><a href="https://www.amazon.com/dp/B079VHFBGB?tag=eloabder-20&linkCode=osi&th=1&psc=1">View Product</a></div>
<div class="product"><a href="https://www.amazon.com/dp/B0D3QFMQM2?tag=eloabder-20&linkCode=osi&th=1&psc=1"><img src="https://m.media-amazon.com/images/I/41Xp-SBgePL._SL500_.jpg" alt="Product Image"></a><p>All-in-One Dog Supplement for Wellness and Longevity, 63 Ingredients for Joints, Cognition, Mood, Skin, Gut and Organ Health, Small Breeds, Vet-Formulated, Made in USA, Senior Formula for 8+ Years</p><p>$59.99 ($6.18 / Ounce)</p><a href="https://www.amazon.com/dp/B0D3QFMQM2?tag=eloabder-20&linkCode=osi&th=1&psc=1">View Product</a></div><div class="product"><a href="https://www.amazon.com/dp/B0083H586S?tag=eloabder-20&linkCode=osi&th=1&psc=1"><img src="https://m.media-amazon.com/images/I/41TpGg6ZSIL._SL500_.jpg" alt="Product Image"></a><p>NaturVet – Senior Wellness Hip & Joint Advanced Plus Omegas | Help Support Your Pet’s Healthy Hip & Joint Function | Supports Joints, Cartilage & Connective Tissues | 120 Soft Chews</p><p>$16.99 ($0.14 / Count)</p><a href="https://www.amazon.com/dp/B0083H586S?tag=eloabder-20&linkCode=osi&th=1&psc=1">View Product</a></div><div class="product"><a href="https://www.amazon.com/dp/B07FWPPGWT?tag=eloabder-20&linkCode=osi&th=1&psc=1"><img src="https://m.media-amazon.com/images/I/41+inDo9CwL._SL500_.jpg" alt="Product Image"></a><p>Critical Immune Defense for Dogs & Cats; Supports Normal Cell Growth - Turkey Tail, Reishi, Shiitake and Maitake Mushroom Formula with Patented White Turmeric Root Extract - 30-day Supply</p><p>$65.00 ($10.25 / Ounce)</p><a href="https://www.amazon.com/dp/B07FWPPGWT?tag=eloabder-20&linkCode=osi&th=1&psc=1">View Product</a></div><div class="product"><a href="https://www.amazon.com/dp/B07498ZT6K?tag=eloabder-20&linkCode=osi&th=1&psc=1"><img src="https://m.media-amazon.com/images/I/310kUj+IP1L._SL500_.jpg" alt="Product Image"></a><p>Hemp Well Hemp Thrive Oil for Dogs and Cats – 16 Ounces of Organic Hemp Oil Supplement for Dog and Cat Health, Calming, Joint Support, ImmuneHealth, and Itchy Skin Relief</p><p>$25.90 ($1.62 / Fl Oz)</p><a href="https://www.amazon.com/dp/B07498ZT6K?tag=eloabder-20&linkCode=osi&th=1&psc=1">View Product</a></div><div class="product"><a href="https://www.amazon.com/dp/B09RX31T8Z?tag=eloabder-20&linkCode=osi&th=1&psc=1"><img src="https://m.media-amazon.com/images/I/41Huq-Gip0L._SL500_.jpg" alt="Product Image"></a><p>Turkey Tail Pet Support - Dog Multivitamins and Supplements for Immune Support, Gut Health & Wellness - Grain-Free, Gluten-Free, Vet-Approved Dog Supplement (90ct)</p><p>$23.95 ($0.27 / Count)</p><a href="https://www.amazon.com/dp/B09RX31T8Z?tag=eloabder-20&linkCode=osi&th=1&psc=1">View Product</a></div><div class="product"><a href="https://www.amazon.com/dp/B09FR3KFYP?tag=eloabder-20&linkCode=osi&th=1&psc=1"><img src="https://m.media-amazon.com/images/I/51v0CdmWq5L._SL500_.jpg" alt="Product Image"></a><p>Well Loved Glucosamine for Dogs - Joint Supplement for Dogs, Made in USA, Vet Developed, Dog Joint Supplement, Glucosamine Chondroitin for Dogs, Advanced Hip and Joint Chews with MSM, Pain Relief, 120</p><p>$23.99 ($0.20 / Count)</p><a href="https://www.amazon.com/dp/B09FR3KFYP?tag=eloabder-20&linkCode=osi&th=1&psc=1">View Product</a></div><div class="product"><a href="https://www.amazon.com/dp/B09H3RBXKS?tag=eloabder-20&linkCode=osi&th=1&psc=1"><img src="https://m.media-amazon.com/images/I/51Zm0SMzn3L._SL500_.jpg" alt="Product Image"></a><p>Well Loved Probiotics for Dogs, Dog Probiotics and Digestive Enzymes, Made in USA, Vet Developed, Dog Probiotic Chews with Prebiotics, Diarrhea Treatment, for Itchy Skin, Gut Health & Gas Relief</p><p>$27.99 ($0.23 / Count)</p><a href="https://www.amazon.com/dp/B09H3RBXKS?tag=eloabder-20&linkCode=osi&th=1&psc=1">View Product</a></div>
<div class="product"><a href="https://www.amazon.com/dp/B09GJJLDWR?tag=eloabder-20&linkCode=osi&th=1&psc=1"><img src="https://m.media-amazon.com/images/I/51dYorxBpSL._SL500_.jpg" alt="Product Image"></a><p>Purina Beggin' Strips Dog Treats, Original With Bacon Flavor - (Pack of 2) 26 oz. Pouches</p><p>$21.19 ($6.52 / lb)</p><a href="https://www.amazon.com/dp/B09GJJLDWR?tag=eloabder-20&linkCode=osi&th=1&psc=1">View Product</a></div>


<div class="product"><a href="https://www.amazon.com/dp/B0009YWKUA?tag=eloabder-20&linkCode=osi&th=1&psc=1"><img src="https://m.media-amazon.com/images/I/41DzZ0HgS7L._SL500_.jpg" alt="Product Image"></a><p>Blue Buffalo Life Protection Formula Adult Dry Dog Food, Helps Build and Maintain Strong Muscles, Made with Natural Ingredients, Chicken & Brown Rice Recipe, 30-lb. Bag</p><p>$64.98 ($2.17 / lb)</p><a href="https://www.amazon.com/dp/B0009YWKUA?tag=eloabder-20&linkCode=osi&th=1&psc=1">View Product</a></div><div class="product"><a href="https://www.amazon.com/dp/B009IOCCD2?tag=eloabder-20&linkCode=osi&th=1&psc=1"><img src="https://m.media-amazon.com/images/I/41kN4rGGnEL._SL500_.jpg" alt="Product Image"></a><p>Purina ONE Dry Dog Food Lamb and Rice Formula - 31.1 lb. Bag</p><p>$48.98 ($1.57 / lb)</p><a href="https://www.amazon.com/dp/B009IOCCD2?tag=eloabder-20&linkCode=osi&th=1&psc=1">View Product</a></div><div class="product"><a href="https://www.amazon.com/dp/B00BD741WM?tag=eloabder-20&linkCode=osi&th=1&psc=1"><img src="https://m.media-amazon.com/images/I/51DjFJxGuzL._SL500_.jpg" alt="Product Image"></a><p>IAMS Adult Minichunks Small Kibble High Protein Dry Dog Food with Real Chicken, 30 lb. Bag,(Packaging may vary)</p><p>$46.98 ($1.57 / lb)</p><a href="https://www.amazon.com/dp/B00BD741WM?tag=eloabder-20&linkCode=osi&th=1&psc=1">View Product</a></div><div class="product"><a href="https://www.amazon.com/dp/B07KZCGXPS?tag=eloabder-20&linkCode=osi&th=1&psc=1"><img src="https://m.media-amazon.com/images/I/41f7ma8WlmL._SL500_.jpg" alt="Product Image"></a><p>Purina ONE True Instinct Tender Cuts in Gravy With Real Turkey and Venison, and With Real Chicken and Duck High Protein Wet Dog Food Variety Pack - (Pack of 12) 13 oz. Cans</p><p>$28.09 ($2.88 / lb)</p><a href="https://www.amazon.com/dp/B07KZCGXPS?tag=eloabder-20&linkCode=osi&th=1&psc=1">View Product</a></div><div class="product"><a href="https://www.amazon.com/dp/B00M0FHCN6?tag=eloabder-20&linkCode=osi&th=1&psc=1"><img src="https://m.media-amazon.com/images/I/51wLSFGMhDL._SL500_.jpg" alt="Product Image"></a><p>CESAR Adult Wet Dog Food Classic Loaf in Sauce Poultry Variety Pack,. Easy Peel Trays with Real Chicken, Turkey or Duck, 3.5 Ounce (Pack of 24)</p><p>$24.98 ($4.76 / lb)</p><a href="https://www.amazon.com/dp/B00M0FHCN6?tag=eloabder-20&linkCode=osi&th=1&psc=1">View Product</a></div>
<div class="product"><a href="https://www.amazon.com/dp/B08P2D95G8?tag=eloabder-20&linkCode=osi&th=1&psc=1"><img src="https://m.media-amazon.com/images/I/51-0PjesnPL._SL500_.jpg" alt="Product Image"></a><p>Pur Luv Dog Treats, Chicken Jerky for Dogs, Made with 100% Real Chicken Breast, 16 Ounces, Healthy, Easily Digestible, Long-Lasting, High Protein Dog Treat, Satisfies Dog's Urge to Chew</p><p>$11.54 ($0.72 / oz)</p><a href="https://www.amazon.com/dp/B08P2D95G8?tag=eloabder-20&linkCode=osi&th=1&psc=1">View Product</a></div><div class="product"><a href="https://www.amazon.com/dp/B01KZECQRK?tag=eloabder-20&linkCode=osi&th=1&psc=1"><img src="https://m.media-amazon.com/images/I/41mCSdSOW6L._SL500_.jpg" alt="Product Image"></a><p>Pet 'n Shape Chik 'n Hide Twists – Chicken Wrapped Rawhide Natural Dog Treats, Small, 16 oz</p><p>$15.99</p><a href="https://www.amazon.com/dp/B01KZECQRK?tag=eloabder-20&linkCode=osi&th=1&psc=1">View Product</a></div><div class="product"><a href="https://www.amazon.com/dp/B003PMQMK2?tag=eloabder-20&linkCode=osi&th=1&psc=1"><img src="https://m.media-amazon.com/images/I/51rKBA3bcNL._SL500_.jpg" alt="Product Image"></a><p>Milk-Bone MaroSnacks Dog Treats, Beef, 40 Ounce with Real Bone Marrow and Calcium</p><p>$11.48 ($4.59 / lb)</p><a href="https://www.amazon.com/dp/B003PMQMK2?tag=eloabder-20&linkCode=osi&th=1&psc=1">View Product</a></div><div class="product"><a href="https://www.amazon.com/dp/B07BVLGZW6?tag=eloabder-20&linkCode=osi&th=1&psc=1"><img src="https://m.media-amazon.com/images/I/51oBIB2I7HL._SL500_.jpg" alt="Product Image"></a><p>Good'N'Fun P-94130 Triple Flavor Wings Dog Chews, One Size</p><p>$11.65 ($0.97 / oz)</p><a href="https://www.amazon.com/dp/B07BVLGZW6?tag=eloabder-20&linkCode=osi&th=1&psc=1">View Product</a></div><div class="product"><a href="https://www.amazon.com/dp/B003P9XG68?tag=eloabder-20&linkCode=osi&th=1&psc=1"><img src="https://m.media-amazon.com/images/I/41ytS3hkBnL._SL500_.jpg" alt="Product Image"></a><p>Blue Buffalo Health Bars Natural Crunchy Dog Treats Biscuits, Pumpkin & Cinnamon 16-oz Bag</p><p>$4.98 ($0.31 / oz)</p><a href="https://www.amazon.com/dp/B003P9XG68?tag=eloabder-20&linkCode=osi&th=1&psc=1">View Product</a></div><div class="product"><a href="https://www.amazon.com/dp/B0BWBTWXN3?tag=eloabder-20&linkCode=osi&th=1&psc=1"><img src="https://m.media-amazon.com/images/I/31+dzCcvlGL._SL500_.jpg" alt="Product Image"></a><p>Vital Essentials Freeze Dried Raw Single Ingredient Dog Treats, Chicken Hearts, 1.9 oz</p><p>$9.49 ($4.99 / oz)</p><a href="https://www.amazon.com/dp/B0BWBTWXN3?tag=eloabder-20&linkCode=osi&th=1&psc=1">View Product</a></div><div class="product"><a href="https://www.amazon.com/dp/B01C47NRJC?tag=eloabder-20&linkCode=osi&th=1&psc=1"><img src="https://m.media-amazon.com/images/I/51fs1tTjYCL._SL500_.jpg" alt="Product Image"></a><p>Purina Beggin' With Real Meat Dog Treats, Fun Size Original With Bacon Flavor - 25 oz. Pouch</p><p>$11.48 ($7.35 / lb)</p><a href="https://www.amazon.com/dp/B01C47NRJC?tag=eloabder-20&linkCode=osi&th=1&psc=1">View Product</a></div><div class="product"><a href="https://www.amazon.com/dp/B07BVL8TQF?tag=eloabder-20&linkCode=osi&th=1&psc=1"><img src="https://m.media-amazon.com/images/I/41V12A43ClL._SL500_.jpg" alt="Product Image"></a><p>Good'N'Fun Triple Flavored Rawhide Kabobs for Dogs, 1.5 Pound (Pack of 1)</p><p>$17.98 ($11.99 / lb)</p><a href="https://www.amazon.com/dp/B07BVL8TQF?tag=eloabder-20&linkCode=osi&th=1&psc=1">View Product</a></div>
<div class="product"><a href="https://www.amazon.com/dp/B00G5M75UK?tag=eloabder-20&linkCode=osi&th=1&psc=1"><img src="https://m.media-amazon.com/images/I/51eJ6OzgqGL._SL500_.jpg" alt="Product Image"></a><p>Best Pet Supplies 2-in-1 Stuffless Squeaky Dog Toys with Soft, Durable Fabric for Small, Medium, and Large Pets, No Stuffing for Indoor Play, Supports Active Biting and Play - 1Wild Duck, Small</p><p>$4.99</p><a href="https://www.amazon.com/dp/B00G5M75UK?tag=eloabder-20&linkCode=osi&th=1&psc=1">View Product</a></div><div class="product"><a href="https://www.amazon.com/dp/B0BGBHXSWH?tag=eloabder-20&linkCode=osi&th=1&psc=1"><img src="https://m.media-amazon.com/images/I/510SJqCt8qL._SL500_.jpg" alt="Product Image"></a><p>Cowjag Cat Toys, Laser Pointer with 5 Adjustable Patterns, USB Recharge Laser, Long Range and 3 Modes Training Chaser Interactive Toy, Dog Laser Toy</p><p>$9.99</p><a href="https://www.amazon.com/dp/B0BGBHXSWH?tag=eloabder-20&linkCode=osi&th=1&psc=1">View Product</a></div><div class="product"><a href="https://www.amazon.com/dp/B00CPDWT2M?tag=eloabder-20&linkCode=osi&th=1&psc=1"><img src="https://m.media-amazon.com/images/I/318fAcfhAdL._SL500_.jpg" alt="Product Image"></a><p>Benebone Wishbone Durable Dog Chew Toy for Aggressive Chewers, Real Bacon, Made in USA, Medium</p><p>$9.74</p><a href="https://www.amazon.com/dp/B00CPDWT2M?tag=eloabder-20&linkCode=osi&th=1&psc=1">View Product</a></div>



<div class="product"><a href="https://www.amazon.com/dp/B00BUFYFKK?tag=eloabder-20&linkCode=osi&th=1&psc=1"><img src="https://m.media-amazon.com/images/I/51kfe3GnT3L._SL500_.jpg" alt="Product Image"></a><p>Hartz UltraGuard Purple Flea & Tick Collar for Cats and Kittens - 7 Month Protection</p><p>$3.58</p><a href="https://www.amazon.com/dp/B00BUFYFKK?tag=eloabder-20&linkCode=osi&th=1&psc=1">View Product</a></div>


<div class="product"><a href="https://www.amazon.com/dp/B005CUTWDE?tag=eloabder-20&linkCode=osi&th=1&psc=1"><img src="https://m.media-amazon.com/images/I/41j4IEfx6wL._SL500_.jpg" alt="Product Image"></a><p>Wahl USA Dry Skin & Itch Relief Pet Shampoo for Dogs – Oatmeal Formula with Coconut Lime Verbena & Pet Friendly Formula, 24 Oz - Model 820004A</p><p>$8.97</p><a href="https://www.amazon.com/dp/B005CUTWDE?tag=eloabder-20&linkCode=osi&th=1&psc=1">View Product</a></div><div class="product"><a href="https://www.amazon.com/dp/B005CUTW8O?tag=eloabder-20&linkCode=osi&th=1&psc=1"><img src="https://m.media-amazon.com/images/I/415nQL+xAbL._SL500_.jpg" alt="Product Image"></a><p>Wahl USA 4-in-1 Calming Pet Shampoo for Dogs – Cleans, Conditions, Detangles, & Moisturizes with Lavender Chamomile - Pet Friendly Formula - 24 Oz - Model 820000A</p><p>$8.48</p><a href="https://www.amazon.com/dp/B005CUTW8O?tag=eloabder-20&linkCode=osi&th=1&psc=1">View Product</a></div><div class="product"><a href="https://www.amazon.com/dp/B08ZJYBN9Y?tag=eloabder-20&linkCode=osi&th=1&psc=1"><img src="https://m.media-amazon.com/images/I/31KdutxWCzL._SL500_.jpg" alt="Product Image"></a><p>OUAI Fur Bébé Pet Shampoo, Mercer Street Scent - Dog Shampoo and Coat Wash for Hydrating, Cleansing and Adding Shine to Pet Hair - Pet Supplies by OUAI (16 Fl Oz)</p><p>$32.00</p><a href="https://www.amazon.com/dp/B08ZJYBN9Y?tag=eloabder-20&linkCode=osi&th=1&psc=1">View Product</a></div><div class="product"><a href="https://www.amazon.com/dp/B07RVD63J1?tag=eloabder-20&linkCode=osi&th=1&psc=1"><img src="https://m.media-amazon.com/images/I/31f8QK2qe2L._SL500_.jpg" alt="Product Image"></a><p>Arm & Hammer Super Deodorizing Shampoo For Dogs - Odor Eliminating Dog Shampoo For Smelly Dogs & Puppies With Arm & Hammer Baking Soda -- Kiwi Blossom Scent, 20 Fl Oz,White</p><p>$4.98</p><a href="https://www.amazon.com/dp/B07RVD63J1?tag=eloabder-20&linkCode=osi&th=1&psc=1">View Product</a></div><div class="product"><a href="https://www.amazon.com/dp/B079T44C3J?tag=eloabder-20&linkCode=osi&th=1&psc=1"><img src="https://m.media-amazon.com/images/I/41aKOigtAPL._SL500_.jpg" alt="Product Image"></a><p>Wahl USA Dry Skin & Itch Relief Pet Shampoo for Dogs – Oatmeal Formula with Coconut Lime Verbena - 64 Oz - Model 821004-050</p><p>$19.99</p><a href="https://www.amazon.com/dp/B079T44C3J?tag=eloabder-20&linkCode=osi&th=1&psc=1">View Product</a></div><div class="product"><a href="https://www.amazon.com/dp/B0791LY9MW?tag=eloabder-20&linkCode=osi&th=1&psc=1"><img src="https://m.media-amazon.com/images/I/41evpDHPYpL._SL500_.jpg" alt="Product Image"></a><p>Pawfume Dog Shampoo and Conditioner – Hypoallergenic Dog Shampoo for Smelly Dogs – Best Dog Shampoos & Conditioners – Probiotic Pet Shampoo for Dogs – Best Dog Shampoo for Puppies (Show Dog)</p><p>$12.99 ($1.08 / Fl Oz)</p><a href="https://www.amazon.com/dp/B0791LY9MW?tag=eloabder-20&linkCode=osi&th=1&psc=1">View Product</a></div><div class="product"><a href="https://www.amazon.com/dp/B018FGSTT4?tag=eloabder-20&linkCode=osi&th=1&psc=1"><img src="https://m.media-amazon.com/images/I/41879dA1aHL._SL500_.jpg" alt="Product Image"></a><p>Oatmeal Dog Shampoo & Conditioner 17oz [USA] 5 in 1 Plant-Based Organic Sulfate-Free Soap-Free-Tearless Moisturizer for Dandruff Allergies & Itchy Dry Sensitive Skin-Puppy Grooming [Pro Pet Works]</p><p>$16.99</p><a href="https://www.amazon.com/dp/B018FGSTT4?tag=eloabder-20&linkCode=osi&th=1&psc=1">View Product</a></div><div class="product"><a href="https://www.amazon.com/dp/B002GPD8BU?tag=eloabder-20&linkCode=osi&th=1&psc=1"><img src="https://m.media-amazon.com/images/I/41ctLsjd+hL._SL500_.jpg" alt="Product Image"></a><p>TropiClean 2-in-1 Papaya & Coconut Dog Shampoo and Conditioner | Natural Pet Shampoo Derived from Natural Ingredients | Cat Friendly | Made in the USA | 20 oz.</p><p>$14.99</p><a href="https://www.amazon.com/dp/B002GPD8BU?tag=eloabder-20&linkCode=osi&th=1&psc=1">View Product</a></div><div class="product"><a href="https://www.amazon.com/dp/B07K6JSBRB?tag=eloabder-20&linkCode=osi&th=1&psc=1"><img src="https://m.media-amazon.com/images/I/41kU4IxjB1L._SL500_.jpg" alt="Product Image"></a><p>Pet Honesty Chlorhexidine Cat & Dog Anti-itch Shampoo, for Allergies, Itching, Dog Skin and Coat Supplement, Helps Shedding, Hot Spots, Deodorizing Dog Shampoo, Dog Grooming Supplies,16oz</p><p>$20.99</p><a href="https://www.amazon.com/dp/B07K6JSBRB?tag=eloabder-20&linkCode=osi&th=1&psc=1">View Product</a></div>
<div class="product"><a href="https://www.amazon.com/dp/B002CZR9QY?tag=eloabder-20&linkCode=osi&th=1&psc=1"><img src="https://m.media-amazon.com/images/I/31SypTuKXPL._SL500_.jpg" alt="Product Image"></a><p>Veterinary Formula Smart Coat Complex Ultra Oatmeal Moisturizing Conditioner for Dogs, 17 Fl oz – with Colloidal Oatmeal & Jojoba – Leaves Coat Soft, Shiny, Hydrated, Strong, with Long-Lasting Scent</p><p>$9.99</p><a href="https://www.amazon.com/dp/B002CZR9QY?tag=eloabder-20&linkCode=osi&th=1&psc=1">View Product</a></div><div class="product"><a href="https://www.amazon.com/dp/B00CVTROQ6?tag=eloabder-20&linkCode=osi&th=1&psc=1"><img src="https://m.media-amazon.com/images/I/41aR-yjG0JL._SL500_.jpg" alt="Product Image"></a><p>Burt's Bees for Pets Naturally Derived Oatmeal Conditioner with Colloidal Oat Flour & Honey - Dog Oatmeal Shampoo - Cruelty Free, Made in the USA - 10 Oz</p><p>$7.98</p><a href="https://www.amazon.com/dp/B00CVTROQ6?tag=eloabder-20&linkCode=osi&th=1&psc=1">View Product</a></div><div class="product"><a href="https://www.amazon.com/dp/B002GPEMCE?tag=eloabder-20&linkCode=osi&th=1&psc=1"><img src="https://m.media-amazon.com/images/I/41aROtv96VL._SL500_.jpg" alt="Product Image"></a><p>TropiClean Kiwi & Coco Butter Moisturizing Dog Conditioner | Natural Pet Conditioner Derived from Natural Ingredients | Cat Friendly | Made in the USA | 20 oz.</p><p>$14.99</p><a href="https://www.amazon.com/dp/B002GPEMCE?tag=eloabder-20&linkCode=osi&th=1&psc=1">View Product</a></div><div class="product"><a href="https://www.amazon.com/dp/B0733Q6FZS?tag=eloabder-20&linkCode=osi&th=1&psc=1"><img src="https://m.media-amazon.com/images/I/41UVp4A19EL._SL500_.jpg" alt="Product Image"></a><p>earthbath, Oatmeal & Aloe Dog Shampoo and Conditioner - Oatmeal Shampoo for Dogs, Itchy, Dry Skin Relief, Dog Wash, Made in USA, Dog Conditioner, Pet Shampoos - Vanilla & Almond, 16 Oz (1 Set)</p><p>$29.50</p><a href="https://www.amazon.com/dp/B0733Q6FZS?tag=eloabder-20&linkCode=osi&th=1&psc=1">View Product</a></div><div class="product"><a href="https://www.amazon.com/dp/B00LNEDFVS?tag=eloabder-20&linkCode=osi&th=1&psc=1"><img src="https://m.media-amazon.com/images/I/31wJ3gR-zkL._SL500_.jpg" alt="Product Image"></a><p>earthbath Oatmeal & Aloe Conditioner, Fragrance Free, 16 oz – Dog Conditioner for Allergies and Itching, Dry Skin – Made in USA</p><p>$17.31</p><a href="https://www.amazon.com/dp/B00LNEDFVS?tag=eloabder-20&linkCode=osi&th=1&psc=1">View Product</a></div><div class="product"><a href="https://www.amazon.com/dp/B088S8XKJN?tag=eloabder-20&linkCode=osi&th=1&psc=1"><img src="https://m.media-amazon.com/images/I/31PU8NG6t6L._SL500_.jpg" alt="Product Image"></a><p>BioSilk for Dogs Silk Therapy Detangling Conditioner | Sulfate and Paraben Free Matted Hair Dog Detangler Conditioner for All Adult Dogs, 12 Fl Oz Made in The USA,Beige</p><p>$9.99</p><a href="https://www.amazon.com/dp/B088S8XKJN?tag=eloabder-20&linkCode=osi&th=1&psc=1">View Product</a></div><div class="product"><a href="https://www.amazon.com/dp/B08P4T75LL?tag=eloabder-20&linkCode=osi&th=1&psc=1"><img src="https://m.media-amazon.com/images/I/31rhZnbNzgL._SL500_.jpg" alt="Product Image"></a><p>PET Head Sensitive Soul Conditioner for Dogs with Sensitive Skin 8.4 fl. oz. Coconut Scent. Hypoallergenic and Soothing, Natural Ingredients and Vegan. Gentle Formula for Puppies. Made in USA</p><p>$15.99</p><a href="https://www.amazon.com/dp/B08P4T75LL?tag=eloabder-20&linkCode=osi&th=1&psc=1">View Product</a></div>

<div class="product"><a href="https://www.amazon.com/dp/B07SHGK4M5?tag=eloabder-20&linkCode=osi&th=1&psc=1"><img src="https://m.media-amazon.com/images/I/5130vs0twCL._SL500_.jpg" alt="Product Image"></a><p>GNAWRISHING Flea Comb 4Pcs with High Strength Teeth Pet Tear Stain Remover Combs, Pet Dog Cat Grooming Comb Set Effective Float Hair Remover</p><p>$5.98</p><a href="https://www.amazon.com/dp/B07SHGK4M5?tag=eloabder-20&linkCode=osi&th=1&psc=1">View Product</a></div>
<div class="product"><a href="https://www.amazon.com/dp/B09V5PDTSD?tag=eloabder-20&linkCode=osi&th=1&psc=1"><img src="https://m.media-amazon.com/images/I/514U8rhVWcL._SL500_.jpg" alt="Product Image"></a><p>iToleeve LED Dog Nail Clipper with Light, Illuminates Nails or Bloodline for Safe and Easy Trimmers, Extra Sharp for Thick nails, Quick Sensor, Avoid Over Cutting Toenail, for Cats & Dogs</p><p>$20.99 ($20.99 / Count)</p><a href="https://www.amazon.com/dp/B09V5PDTSD?tag=eloabder-20&linkCode=osi&th=1&psc=1">View Product</a></div>


<div class="product"><a href="https://www.amazon.com/dp/B000FEF10A?tag=eloabder-20&linkCode=osi&th=1&psc=1"><img src="https://m.media-amazon.com/images/I/5133i0iTHGL._SL500_.jpg" alt="Product Image"></a><p>PetSafe ScoopFree Crystal Cat Litter Tray Refills – Fresh Scent, 3-Pack – Disposable Tray – includes Leak Protection & Low Tracking Litter – Absorbs Odors On Contact</p><p>$69.95 ($23.32 / Count)</p><a href="https://www.amazon.com/dp/B000FEF10A?tag=eloabder-20&linkCode=osi&th=1&psc=1">View Product</a></div>

<div class="product"><a href="https://www.amazon.com/dp/B00MW8G3YU?tag=eloabder-20&linkCode=osi&th=1&psc=1"><img src="https://m.media-amazon.com/images/I/31KsVrUeevL._SL500_.jpg" alt="Product Image"></a><p>Amazon Basics Dog and Puppy Pee Pads with 5-Layer Leak-Proof Design and Quick-Dry Surface for Potty Training, Standard Absorbency, Regular Size, 22 x 22 Inch - Pack of 50, Blue & White</p><p>$11.85 ($0.24 / Count)</p><a href="https://www.amazon.com/dp/B00MW8G3YU?tag=eloabder-20&linkCode=osi&th=1&psc=1">View Product</a></div><div class="product"><a href="https://www.amazon.com/dp/B0CXM4NGZG?tag=eloabder-20&linkCode=osi&th=1&psc=1"><img src="https://m.media-amazon.com/images/I/41bxvVfBFkL._SL500_.jpg" alt="Product Image"></a><p>Dog Ear Cleaner Finger Wipes，Premium Ear Finger Wipes for Dogs Cats 50 Pcs Reduce Earwax Buildup Sooths Deodorizes Relieve Ear Itching Inflammation, Fresh Coconut Scent, Natural Ingredients (100 Pcs)</p><p>$12.34</p><a href="https://www.amazon.com/dp/B0CXM4NGZG?tag=eloabder-20&linkCode=osi&th=1&psc=1">View Product</a></div>













<div class="product"><a href="https://www.amazon.com/dp/B00PQ5UH0C?tag=eloabder-20&linkCode=osi&th=1&psc=1"><img src="https://m.media-amazon.com/images/I/51mFFpJO-aL._SL500_.jpg" alt="Product Image"></a><p>Wobble Wag Giggle Ball, Interactive Dog Toy, Fun Giggle Sounds When Rolled or Shaken, Pets Know Best, As Seen On TV</p><p>$14.99</p><a href="https://www.amazon.com/dp/B00PQ5UH0C?tag=eloabder-20&linkCode=osi&th=1&psc=1">View Product</a></div><div class="product"><a href="https://www.amazon.com/dp/B0054C9B1I?tag=eloabder-20&linkCode=osi&th=1&psc=1"><img src="https://m.media-amazon.com/images/I/51ubAM+J5DL._SL500_.jpg" alt="Product Image"></a><p>Hyper Pet Doggie Tail Interactive Plush Dog Toys (Wiggles, Vibrates, and Barks, Stimulating Play)</p><p>$16.77</p><a href="https://www.amazon.com/dp/B0054C9B1I?tag=eloabder-20&linkCode=osi&th=1&psc=1">View Product</a></div>






<div class="product"><a href="https://www.amazon.com/dp/B00JZHRYFI?tag=eloabder-20&linkCode=osi&th=1&psc=1"><img src="https://m.media-amazon.com/images/I/41xHqz3QFML._SL500_.jpg" alt="Product Image"></a><p>PetSafe Happy Ride Metal Dog Barrier - Adjusts to Fit Your Vehicle - Keeps Pets Off Passenger Seats - Sturdy Construction</p><p>$55.21</p><a href="https://www.amazon.com/dp/B00JZHRYFI?tag=eloabder-20&linkCode=osi&th=1&psc=1">View Product</a></div>

<div class="product"><a href="https://www.amazon.com/dp/B0CVXNKVWC?tag=eloabder-20&linkCode=osi&th=1&psc=1"><img src="https://m.media-amazon.com/images/I/41dsqiNkA+L._SL500_.jpg" alt="Product Image"></a><p>Jazzy Fuzzy Pet Heating Pad, 6 Adjustable Temperature Dog Cat Heating Pad with Timer, Waterproof Heating Pad Indoor for Dogs with Chew Resistant Cord (S:18" x 16")</p><p>$29.66</p><a href="https://www.amazon.com/dp/B0CVXNKVWC?tag=eloabder-20&linkCode=osi&th=1&psc=1">View Product</a></div>
<div class="product"><a href="https://www.amazon.com/dp/B0BPQRR1PN?tag=eloabder-20&linkCode=osi&th=1&psc=1"><img src="https://m.media-amazon.com/images/I/41Ppxz4+IFL._SL500_.jpg" alt="Product Image"></a><p>Newday Dog Toothbrush Set of 8 - Dual Headed, Dental Hygiene Convenient Soft Toothbrush to Clean pet Teeth, Dog Tooth Brushes for Small to Large Dogs, Cats, and Most Pets, Teeth Brush in Bulk</p><p>$6.99 ($0.87 / Count)</p><a href="https://www.amazon.com/dp/B0BPQRR1PN?tag=eloabder-20&linkCode=osi&th=1&psc=1">View Product</a></div><div class="product"><a href="https://www.amazon.com/dp/B0BRMQHYTW?tag=eloabder-20&linkCode=osi&th=1&psc=1"><img src="https://m.media-amazon.com/images/I/41hDIKxNIUL._SL500_.jpg" alt="Product Image"></a><p>HICC PET Teeth Cleaning Wipes for Dogs & Cats, Remove Bad Breath by Removing Plaque and Tartar Buildup No-Rinse Dog Finger Toothbrush, Disposable Gentle Cleaning & Gum Care Pet Wipes, 50 Counts</p><p>$15.99</p><a href="https://www.amazon.com/dp/B0BRMQHYTW?tag=eloabder-20&linkCode=osi&th=1&psc=1">View Product</a></div><div class="product"><a href="https://www.amazon.com/dp/B098PF4NPQ?tag=eloabder-20&linkCode=osi&th=1&psc=1"><img src="https://m.media-amazon.com/images/I/51J4B-P+q5L._SL500_.jpg" alt="Product Image"></a><p>Jasper Dog Toothbrush, 360º Dog Tooth Brushing Kit, Cat Toothbrush, Dog Teeth Cleaning, Dog Finger Toothbrush, Dog Tooth Brush for Small & Large Pets, Dog Toothpaste Not Included - Blue 2-Pack</p><p>$13.99 ($7.00 / Count)</p><a href="https://www.amazon.com/dp/B098PF4NPQ?tag=eloabder-20&linkCode=osi&th=1&psc=1">View Product</a></div><div class="product"><a href="https://www.amazon.com/dp/B08B7238H5?tag=eloabder-20&linkCode=osi&th=1&psc=1"><img src="https://m.media-amazon.com/images/I/41TrsZlWCuL._SL500_.jpg" alt="Product Image"></a><p>Pet Toothbrush for Dogs, Cats with Soft Bristles - Easy Teeth Cleaning & Dental Care, Non Slip Dual Head Dog Toothbrush</p><p>$6.79</p><a href="https://www.amazon.com/dp/B08B7238H5?tag=eloabder-20&linkCode=osi&th=1&psc=1">View Product</a></div><div class="product"><a href="https://www.amazon.com/dp/B0C3M7TD8R?tag=eloabder-20&linkCode=osi&th=1&psc=1"><img src="https://m.media-amazon.com/images/I/51COSpzGOjL._SL500_.jpg" alt="Product Image"></a><p>VIWIK 4Pack Dog Toothbrush Dog Tooth Brushing Kit, Cat Finger Toothbrush for Dogs Small Breed, Medium Large Dogs, Puppy Toothbrush for Dog Teeth Cleaning & Dental Care, Pet Finger Toothbrush Kit</p><p>$6.49 ($1.62 / Count)</p><a href="https://www.amazon.com/dp/B0C3M7TD8R?tag=eloabder-20&linkCode=osi&th=1&psc=1">View Product</a></div><div class="product"><a href="https://www.amazon.com/dp/B00B5RFJB2?tag=eloabder-20&linkCode=osi&th=1&psc=1"><img src="https://m.media-amazon.com/images/I/414Mxf1TTTL._SL500_.jpg" alt="Product Image"></a><p>Arm & Hammer for Pets Tartar Control Kit for Dogs | Contains Toothpaste, Toothbrush & Fingerbrush | Reduces Plaque & Tartar Buildup | Safe for Puppies, 3-Piece , Beef Flavor</p><p>$7.89 ($3.16 / Ounce)</p><a href="https://www.amazon.com/dp/B00B5RFJB2?tag=eloabder-20&linkCode=osi&th=1&psc=1">View Product</a></div><div class="product"><a href="https://www.amazon.com/dp/B0BRXMC97P?tag=eloabder-20&linkCode=osi&th=1&psc=1"><img src="https://m.media-amazon.com/images/I/31EQPPcpx-L._SL500_.jpg" alt="Product Image"></a><p>JAYU PET Dental Care Brush (Soft Bristles) - Toothbrush for Cat and Small Dog with Horizontal Head & Easy Grip Handle (1)</p><p>$9.99</p><a href="https://www.amazon.com/dp/B0BRXMC97P?tag=eloabder-20&linkCode=osi&th=1&psc=1">View Product</a></div><div class="product"><a href="https://www.amazon.com/dp/B09SXPVN5D?tag=eloabder-20&linkCode=osi&th=1&psc=1"><img src="https://m.media-amazon.com/images/I/41VfEMZtHxL._SL500_.jpg" alt="Product Image"></a><p>EASYA Double Headed Pet Dog Toothbrush for Small Dogs/Soft Bristles Puppy Long Handle Tooth Brush Dogs Teeth Cleaning/Bulk Toothbrushes Dental & Oral Care… (MIXED10)</p><p>$4.99 ($4.99 / Count)</p><a href="https://www.amazon.com/dp/B09SXPVN5D?tag=eloabder-20&linkCode=osi&th=1&psc=1">View Product</a></div><div class="product"><a href="https://www.amazon.com/dp/B06XKJNFXX?tag=eloabder-20&linkCode=osi&th=1&psc=1"><img src="https://m.media-amazon.com/images/I/51tetoX-VcL._SL500_.jpg" alt="Product Image"></a><p>Vet's Best Dog Toothbrush & Enzymatic Toothpaste Kit - Teeth Cleaning - Made with Natural Ingredients - Reduces Plaque, Whitens Teeth, Freshens Breath - Bonus Care Guide & Finger Brush Included</p><p>$9.26</p><a href="https://www.amazon.com/dp/B06XKJNFXX?tag=eloabder-20&linkCode=osi&th=1&psc=1">View Product</a></div>
<div class="product"><a href="https://www.amazon.com/dp/B00RZDXA7K?tag=eloabder-20&linkCode=osi&th=1&psc=1"><img src="https://m.media-amazon.com/images/I/41gpC5xESnL._SL500_.jpg" alt="Product Image"></a><p>Virbac CET Enzymatic Toothpaste| Eliminates Bad Breath by Removing Plaque & Tartar Buildup | Best Pet Dental Care Toothpaste | Poultry Flavor, 2.5 oz tube</p><p>$11.52 ($4.61 / Ounce)</p><a href="https://www.amazon.com/dp/B00RZDXA7K?tag=eloabder-20&linkCode=osi&th=1&psc=1">View Product</a></div><div class="product"><a href="https://www.amazon.com/dp/B08QJPJNGY?tag=eloabder-20&linkCode=osi&th=1&psc=1"><img src="https://m.media-amazon.com/images/I/41AHDzkNc5L._SL500_.jpg" alt="Product Image"></a><p>Arm & Hammer Complete Care Enzymatic Dog Toothpaste, 6.2 oz - Dog Toothpaste for Puppies and Adult Dogs, Arm and Hammer Toothpaste for Dogs - Pet Toothpaste, Dog Dental Care and Clean Dog Teeth</p><p>$5.82 ($0.94 / Ounce)</p><a href="https://www.amazon.com/dp/B08QJPJNGY?tag=eloabder-20&linkCode=osi&th=1&psc=1">View Product</a></div><div class="product"><a href="https://www.amazon.com/dp/B0778GHYXP?tag=eloabder-20&linkCode=osi&th=1&psc=1"><img src="https://m.media-amazon.com/images/I/41fl3mRiRtL._SL500_.jpg" alt="Product Image"></a><p>Petsmile Professional Pet Toothpaste - Cat & Dog Teeth Cleaning Supplies - Controls Plaque, Tartar, & Bad Breath - VOHC Accepted Toothpaste - Pet Dental Care Essentials (London Broil, 2.5 Oz)</p><p>$14.99</p><a href="https://www.amazon.com/dp/B0778GHYXP?tag=eloabder-20&linkCode=osi&th=1&psc=1">View Product</a></div><div class="product"><a href="https://www.amazon.com/dp/B0002AQMZU?tag=eloabder-20&linkCode=osi&th=1&psc=1"><img src="https://m.media-amazon.com/images/I/31bv4h2hNOL._SL500_.jpg" alt="Product Image"></a><p>Vet’s Best Enzymatic Dog Toothpaste | Teeth Cleaning and Fresh Breath Dental Care Gel | Vet Formulated | 3.5 Ounces | Grape flavor</p><p>$11.48</p><a href="https://www.amazon.com/dp/B0002AQMZU?tag=eloabder-20&linkCode=osi&th=1&psc=1">View Product</a></div><div class="product"><a href="https://www.amazon.com/dp/B00025K0R6?tag=eloabder-20&linkCode=osi&th=1&psc=1"><img src="https://m.media-amazon.com/images/I/41RMHNoofoL._SL500_.jpg" alt="Product Image"></a><p>Petrodex Toothpaste for Dogs and Puppies, Cleans Teeth and Fights Bad Breath, Reduces Plaque and Tartar Formation, Enzymatic Toothpaste, Poultry Flavor, 6.2oz</p><p>$10.03 ($1.62 / Ounce)</p><a href="https://www.amazon.com/dp/B00025K0R6?tag=eloabder-20&linkCode=osi&th=1&psc=1">View Product</a></div><div class="product"><a href="https://www.amazon.com/dp/B08QJFZCDK?tag=eloabder-20&linkCode=osi&th=1&psc=1"><img src="https://m.media-amazon.com/images/I/41bOWd5qb3L._SL500_.jpg" alt="Product Image"></a><p>Arm & Hammer Complete Care Enzymatic Dog Toothpaste Value Size | 6.2 oz Peanut Butter Flavor Enzymatic Dog Toothpaste for Puppies | Great Tasting Dog Toothpaste with Arm & Hammer Baking Soda</p><p>$6.63 ($1.07 / Ounce)</p><a href="https://www.amazon.com/dp/B08QJFZCDK?tag=eloabder-20&linkCode=osi&th=1&psc=1">View Product</a></div><div class="product"><a href="https://www.amazon.com/dp/B098953TJN?tag=eloabder-20&linkCode=osi&th=1&psc=1"><img src="https://m.media-amazon.com/images/I/31EsN5mPA9S._SL500_.jpg" alt="Product Image"></a><p>Petsmile Professional Pet Tooth Brushing Kit - Cat & Dog Toothbrush & Toothpaste - Control Plaque, Tartar & Bad Breath - VOHC Accepted Toothpaste - Teeth Cleaning Supplies (London Broil, 2.5 Oz)</p><p>$25.00 ($10.00 / Ounce)</p><a href="https://www.amazon.com/dp/B098953TJN?tag=eloabder-20&linkCode=osi&th=1&psc=1">View Product</a></div><div class="product"><a href="https://www.amazon.com/dp/B01KD8725Y?tag=eloabder-20&linkCode=osi&th=1&psc=1"><img src="https://m.media-amazon.com/images/I/411faxe3KUL._SL500_.jpg" alt="Product Image"></a><p>Arm & Hammer for Pets Clinical Care Dental Enzymatic Toothpaste for Dogs | Soothes Inflamed Gums | Safe for Puppies 1 Pack Fresh Breath Vanilla Ginger</p><p>$5.99 ($2.40 / Ounce)</p><a href="https://www.amazon.com/dp/B01KD8725Y?tag=eloabder-20&linkCode=osi&th=1&psc=1">View Product</a></div><div class="product"><a href="https://www.amazon.com/dp/B08QJNMHLZ?tag=eloabder-20&linkCode=osi&th=1&psc=1"><img src="https://m.media-amazon.com/images/I/41HvsSGBm5L._SL500_.jpg" alt="Product Image"></a><p>Arm & Hammer Complete Care Dog Dental Kit | 2.5 oz Chicken Flavor Enzymatic Dog Toothpaste, Toothbrush, & Finger Brush | Baking Soda Enhanced Formula for Fresh Breath and Tartar Control</p><p>$5.82 ($2.33 / Ounce)</p><a href="https://www.amazon.com/dp/B08QJNMHLZ?tag=eloabder-20&linkCode=osi&th=1&psc=1">View Product</a></div><div class="product"><a href="https://www.amazon.com/dp/B0CPQ26CG8?tag=eloabder-20&linkCode=osi&th=1&psc=1"><img src="https://m.media-amazon.com/images/I/31gKo9WixRL._SL500_.jpg" alt="Product Image"></a><p>Remineralizing Dog Toothpaste – Vet-Grade, with Nano-Hydroxyapatite, Reverses Early-Stage Decay, Cleans Teeth, Removes Tartar, Freshens Breath by Arterra Pet Science, Plant-Based, Natural Flavor, 4oz</p><p>$19.99 ($5.00 / Ounce)</p><a href="https://www.amazon.com/dp/B0CPQ26CG8?tag=eloabder-20&linkCode=osi&th=1&psc=1">View Product</a></div>


<div class="product"><a href="https://www.amazon.com/dp/B0C58GKQR3?tag=eloabder-20&linkCode=osi&th=1&psc=1"><img src="https://m.media-amazon.com/images/I/41ntA-bHrVL._SL500_.jpg" alt="Product Image"></a><p>MySimplePetLab Dog First Aid Kit | First Aid Dog Travel Accessories | Dog Medical Kit | Dog Essentials Mini First Aid for Wounds, Cuts, or Minor Injuries</p><p>$39.99 ($39.99 / Count)</p><a href="https://www.amazon.com/dp/B0C58GKQR3?tag=eloabder-20&linkCode=osi&th=1&psc=1">View Product</a></div>
<div class="product"><a href="https://www.amazon.com/dp/B0CSPNSVXK?tag=eloabder-20&linkCode=osi&th=1&psc=1"><img src="https://m.media-amazon.com/images/I/41HxJh914vL._SL500_.jpg" alt="Product Image"></a><p>Advanced Health Monitoring Pee Pads for Dogs – Color-Changing, Leak-Proof, and Odor-Control | As Seen on Shark Tank | Genius</p><p>$24.99</p><a href="https://www.amazon.com/dp/B0CSPNSVXK?tag=eloabder-20&linkCode=osi&th=1&psc=1">View Product</a></div>








<div class="product"><a href="https://www.amazon.com/dp/B002AI39QW?tag=eloabder-20&linkCode=osi&th=1&psc=1"><img src="https://m.media-amazon.com/images/I/41vafEl3pTL._SL500_.jpg" alt="Product Image"></a><p>Epi-Pet K-9 Care Sunscreen, Paws to Tail Protection, Prevents Sunburns on Dogs and Horses, Sun Protector Spray, SPF 30+, Non-Greasy/Oily Solution – 3.5 oz</p><p>$17.95</p><a href="https://www.amazon.com/dp/B002AI39QW?tag=eloabder-20&linkCode=osi&th=1&psc=1">View Product</a></div><div class="product"><a href="https://www.amazon.com/dp/B08DDJYJJC?tag=eloabder-20&linkCode=osi&th=1&psc=1"><img src="https://m.media-amazon.com/images/I/41AGRXwbz9L._SL500_.jpg" alt="Product Image"></a><p>Bodhi Dog Sunscreen | Large 8oz SPF 30+ Moisturizing Pet Sunscreen | Safe for All Breeds of Dogs, Cats and Horses | Natural Skin Protection and Conditioner for Skin, Coat, Nose, and Ears | USA Made</p><p>$13.99 ($1.75 / Fl Oz)</p><a href="https://www.amazon.com/dp/B08DDJYJJC?tag=eloabder-20&linkCode=osi&th=1&psc=1">View Product</a></div><div class="product"><a href="https://www.amazon.com/dp/B07SB22JNX?tag=eloabder-20&linkCode=osi&th=1&psc=1"><img src="https://m.media-amazon.com/images/I/41LcLbaDSXL._SL500_.jpg" alt="Product Image"></a><p>EBPP Dog Sunscreen Sun Skin Protector Spray 8 oz - Safe for All Breeds with No Zinc Oxide - Pet Protection and Moisturizer for Skin, Coat, Nose, Ears</p><p>$18.95 ($2.37 / Fl Oz)</p><a href="https://www.amazon.com/dp/B07SB22JNX?tag=eloabder-20&linkCode=osi&th=1&psc=1">View Product</a></div><div class="product"><a href="https://www.amazon.com/dp/B08Z1WPGJX?tag=eloabder-20&linkCode=osi&th=1&psc=1"><img src="https://m.media-amazon.com/images/I/41IgTyrpxBL._SL500_.jpg" alt="Product Image"></a><p>Bodhi Dog Sunscreen | Extra Large 16.5 Ounce SPF 30+ Moisturizing Pet Safe for All Breeds of Dogs, Cats and Horses | Skin Protection and Conditioner for Skin, Coat, Nose, and Ears | USA Made</p><p>$16.99</p><a href="https://www.amazon.com/dp/B08Z1WPGJX?tag=eloabder-20&linkCode=osi&th=1&psc=1">View Product</a></div><div class="product"><a href="https://www.amazon.com/dp/B0CSTCW6WL?tag=eloabder-20&linkCode=osi&th=1&psc=1"><img src="https://m.media-amazon.com/images/I/41UbNRTz7zL._SL500_.jpg" alt="Product Image"></a><p>Pet Sunscreen Balm, 60ml, SPF 15, Moisturizing, Eco-Friendly Tin, Non-Toxic Formula for Dogs and Cats</p><p>$14.99 ($0.25 / Gram)</p><a href="https://www.amazon.com/dp/B0CSTCW6WL?tag=eloabder-20&linkCode=osi&th=1&psc=1">View Product</a></div><div class="product"><a href="https://www.amazon.com/dp/B071K355ZQ?tag=eloabder-20&linkCode=osi&th=1&psc=1"><img src="https://m.media-amazon.com/images/I/51UiYOPTELL._SL500_.jpg" alt="Product Image"></a><p>SIT. STAY. FOREVER. SAFETY FIRST PET PRODUCTS Organic Sunscreen & Moisturizer for dogs and cats, 2 oz, All Natural, Waterproof, Red Raspberry Seed, Carrot Seed and Hemp Oils, Made in MAINE</p><p>$15.99 ($8.00 / Ounce)</p><a href="https://www.amazon.com/dp/B071K355ZQ?tag=eloabder-20&linkCode=osi&th=1&psc=1">View Product</a></div><div class="product"><a href="https://www.amazon.com/dp/B008F4OOM8?tag=eloabder-20&linkCode=osi&th=1&psc=1"><img src="https://m.media-amazon.com/images/I/31F67SFV7BL._SL500_.jpg" alt="Product Image"></a><p>Petkin Dog Sunscreen Sunstick – Sunscreen for Dogs and Puppies, SPF 15 – Simply Rub on Anytime for Instant Sun Protection – Vanilla Coconut Scent, .5 oz Net Weight – Ideal for Home or Travel</p><p>$11.97</p><a href="https://www.amazon.com/dp/B008F4OOM8?tag=eloabder-20&linkCode=osi&th=1&psc=1">View Product</a></div><div class="product"><a href="https://www.amazon.com/dp/B079VHFBGB?tag=eloabder-20&linkCode=osi&th=1&psc=1"><img src="https://m.media-amazon.com/images/I/51j8zibHIzL._SL500_.jpg" alt="Product Image"></a><p>Handy Hound SnoutScreen - All-Natural Organic Vet-Recommended Dog Nose balm and Paw Balm with Natural Sunscreen - Made in the USA Protect Your Dog from Harmful UVB/UVC Rays - 2 oz</p><p>$20.99 ($20.99 / Count)</p><a href="https://www.amazon.com/dp/B079VHFBGB?tag=eloabder-20&linkCode=osi&th=1&psc=1">View Product</a></div>
<div class="product"><a href="https://www.amazon.com/dp/B0D3QFMQM2?tag=eloabder-20&linkCode=osi&th=1&psc=1"><img src="https://m.media-amazon.com/images/I/41Xp-SBgePL._SL500_.jpg" alt="Product Image"></a><p>All-in-One Dog Supplement for Wellness and Longevity, 63 Ingredients for Joints, Cognition, Mood, Skin, Gut and Organ Health, Small Breeds, Vet-Formulated, Made in USA, Senior Formula for 8+ Years</p><p>$59.99 ($6.18 / Ounce)</p><a href="https://www.amazon.com/dp/B0D3QFMQM2?tag=eloabder-20&linkCode=osi&th=1&psc=1">View Product</a></div><div class="product"><a href="https://www.amazon.com/dp/B0083H586S?tag=eloabder-20&linkCode=osi&th=1&psc=1"><img src="https://m.media-amazon.com/images/I/41TpGg6ZSIL._SL500_.jpg" alt="Product Image"></a><p>NaturVet – Senior Wellness Hip & Joint Advanced Plus Omegas | Help Support Your Pet’s Healthy Hip & Joint Function | Supports Joints, Cartilage & Connective Tissues | 120 Soft Chews</p><p>$16.99 ($0.14 / Count)</p><a href="https://www.amazon.com/dp/B0083H586S?tag=eloabder-20&linkCode=osi&th=1&psc=1">View Product</a></div><div class="product"><a href="https://www.amazon.com/dp/B07FWPPGWT?tag=eloabder-20&linkCode=osi&th=1&psc=1"><img src="https://m.media-amazon.com/images/I/41+inDo9CwL._SL500_.jpg" alt="Product Image"></a><p>Critical Immune Defense for Dogs & Cats; Supports Normal Cell Growth - Turkey Tail, Reishi, Shiitake and Maitake Mushroom Formula with Patented White Turmeric Root Extract - 30-day Supply</p><p>$65.00 ($10.25 / Ounce)</p><a href="https://www.amazon.com/dp/B07FWPPGWT?tag=eloabder-20&linkCode=osi&th=1&psc=1">View Product</a></div><div class="product"><a href="https://www.amazon.com/dp/B07498ZT6K?tag=eloabder-20&linkCode=osi&th=1&psc=1"><img src="https://m.media-amazon.com/images/I/310kUj+IP1L._SL500_.jpg" alt="Product Image"></a><p>Hemp Well Hemp Thrive Oil for Dogs and Cats – 16 Ounces of Organic Hemp Oil Supplement for Dog and Cat Health, Calming, Joint Support, ImmuneHealth, and Itchy Skin Relief</p><p>$25.90 ($1.62 / Fl Oz)</p><a href="https://www.amazon.com/dp/B07498ZT6K?tag=eloabder-20&linkCode=osi&th=1&psc=1">View Product</a></div><div class="product"><a href="https://www.amazon.com/dp/B09RX31T8Z?tag=eloabder-20&linkCode=osi&th=1&psc=1"><img src="https://m.media-amazon.com/images/I/41Huq-Gip0L._SL500_.jpg" alt="Product Image"></a><p>Turkey Tail Pet Support - Dog Multivitamins and Supplements for Immune Support, Gut Health & Wellness - Grain-Free, Gluten-Free, Vet-Approved Dog Supplement (90ct)</p><p>$23.95 ($0.27 / Count)</p><a href="https://www.amazon.com/dp/B09RX31T8Z?tag=eloabder-20&linkCode=osi&th=1&psc=1">View Product</a></div><div class="product"><a href="https://www.amazon.com/dp/B09FR3KFYP?tag=eloabder-20&linkCode=osi&th=1&psc=1"><img src="https://m.media-amazon.com/images/I/51v0CdmWq5L._SL500_.jpg" alt="Product Image"></a><p>Well Loved Glucosamine for Dogs - Joint Supplement for Dogs, Made in USA, Vet Developed, Dog Joint Supplement, Glucosamine Chondroitin for Dogs, Advanced Hip and Joint Chews with MSM, Pain Relief, 120</p><p>$23.99 ($0.20 / Count)</p><a href="https://www.amazon.com/dp/B09FR3KFYP?tag=eloabder-20&linkCode=osi&th=1&psc=1">View Product</a></div><div class="product"><a href="https://www.amazon.com/dp/B09H3RBXKS?tag=eloabder-20&linkCode=osi&th=1&psc=1"><img src="https://m.media-amazon.com/images/I/51Zm0SMzn3L._SL500_.jpg" alt="Product Image"></a><p>Well Loved Probiotics for Dogs, Dog Probiotics and Digestive Enzymes, Made in USA, Vet Developed, Dog Probiotic Chews with Prebiotics, Diarrhea Treatment, for Itchy Skin, Gut Health & Gas Relief</p><p>$27.99 ($0.23 / Count)</p><a href="https://www.amazon.com/dp/B09H3RBXKS?tag=eloabder-20&linkCode=osi&th=1&psc=1">View Product</a></div>
<div class="product"><a href="https://www.amazon.com/dp/B09GJJLDWR?tag=eloabder-20&linkCode=osi&th=1&psc=1"><img src="https://m.media-amazon.com/images/I/51dYorxBpSL._SL500_.jpg" alt="Product Image"></a><p>Purina Beggin' Strips Dog Treats, Original With Bacon Flavor - (Pack of 2) 26 oz. Pouches</p><p>$21.19 ($6.52 / lb)</p><a href="https://www.amazon.com/dp/B09GJJLDWR?tag=eloabder-20&linkCode=osi&th=1&psc=1">View Product</a></div>


<div class="product"><a href="https://www.amazon.com/dp/B0009YWKUA?tag=eloabder-20&linkCode=osi&th=1&psc=1"><img src="https://m.media-amazon.com/images/I/41DzZ0HgS7L._SL500_.jpg" alt="Product Image"></a><p>Blue Buffalo Life Protection Formula Adult Dry Dog Food, Helps Build and Maintain Strong Muscles, Made with Natural Ingredients, Chicken & Brown Rice Recipe, 30-lb. Bag</p><p>$64.98 ($2.17 / lb)</p><a href="https://www.amazon.com/dp/B0009YWKUA?tag=eloabder-20&linkCode=osi&th=1&psc=1">View Product</a></div><div class="product"><a href="https://www.amazon.com/dp/B009IOCCD2?tag=eloabder-20&linkCode=osi&th=1&psc=1"><img src="https://m.media-amazon.com/images/I/41kN4rGGnEL._SL500_.jpg" alt="Product Image"></a><p>Purina ONE Dry Dog Food Lamb and Rice Formula - 31.1 lb. Bag</p><p>$48.98 ($1.57 / lb)</p><a href="https://www.amazon.com/dp/B009IOCCD2?tag=eloabder-20&linkCode=osi&th=1&psc=1">View Product</a></div><div class="product"><a href="https://www.amazon.com/dp/B00BD741WM?tag=eloabder-20&linkCode=osi&th=1&psc=1"><img src="https://m.media-amazon.com/images/I/51DjFJxGuzL._SL500_.jpg" alt="Product Image"></a><p>IAMS Adult Minichunks Small Kibble High Protein Dry Dog Food with Real Chicken, 30 lb. Bag,(Packaging may vary)</p><p>$46.98 ($1.57 / lb)</p><a href="https://www.amazon.com/dp/B00BD741WM?tag=eloabder-20&linkCode=osi&th=1&psc=1">View Product</a></div><div class="product"><a href="https://www.amazon.com/dp/B07KZCGXPS?tag=eloabder-20&linkCode=osi&th=1&psc=1"><img src="https://m.media-amazon.com/images/I/41f7ma8WlmL._SL500_.jpg" alt="Product Image"></a><p>Purina ONE True Instinct Tender Cuts in Gravy With Real Turkey and Venison, and With Real Chicken and Duck High Protein Wet Dog Food Variety Pack - (Pack of 12) 13 oz. Cans</p><p>$28.09 ($2.88 / lb)</p><a href="https://www.amazon.com/dp/B07KZCGXPS?tag=eloabder-20&linkCode=osi&th=1&psc=1">View Product</a></div><div class="product"><a href="https://www.amazon.com/dp/B00M0FHCN6?tag=eloabder-20&linkCode=osi&th=1&psc=1"><img src="https://m.media-amazon.com/images/I/51wLSFGMhDL._SL500_.jpg" alt="Product Image"></a><p>CESAR Adult Wet Dog Food Classic Loaf in Sauce Poultry Variety Pack,. Easy Peel Trays with Real Chicken, Turkey or Duck, 3.5 Ounce (Pack of 24)</p><p>$24.98 ($4.76 / lb)</p><a href="https://www.amazon.com/dp/B00M0FHCN6?tag=eloabder-20&linkCode=osi&th=1&psc=1">View Product</a></div>
<div class="product"><a href="https://www.amazon.com/dp/B08P2D95G8?tag=eloabder-20&linkCode=osi&th=1&psc=1"><img src="https://m.media-amazon.com/images/I/51-0PjesnPL._SL500_.jpg" alt="Product Image"></a><p>Pur Luv Dog Treats, Chicken Jerky for Dogs, Made with 100% Real Chicken Breast, 16 Ounces, Healthy, Easily Digestible, Long-Lasting, High Protein Dog Treat, Satisfies Dog's Urge to Chew</p><p>$11.54 ($0.72 / oz)</p><a href="https://www.amazon.com/dp/B08P2D95G8?tag=eloabder-20&linkCode=osi&th=1&psc=1">View Product</a></div><div class="product"><a href="https://www.amazon.com/dp/B01KZECQRK?tag=eloabder-20&linkCode=osi&th=1&psc=1"><img src="https://m.media-amazon.com/images/I/41mCSdSOW6L._SL500_.jpg" alt="Product Image"></a><p>Pet 'n Shape Chik 'n Hide Twists – Chicken Wrapped Rawhide Natural Dog Treats, Small, 16 oz</p><p>$15.99</p><a href="https://www.amazon.com/dp/B01KZECQRK?tag=eloabder-20&linkCode=osi&th=1&psc=1">View Product</a></div><div class="product"><a href="https://www.amazon.com/dp/B003PMQMK2?tag=eloabder-20&linkCode=osi&th=1&psc=1"><img src="https://m.media-amazon.com/images/I/51rKBA3bcNL._SL500_.jpg" alt="Product Image"></a><p>Milk-Bone MaroSnacks Dog Treats, Beef, 40 Ounce with Real Bone Marrow and Calcium</p><p>$11.48 ($4.59 / lb)</p><a href="https://www.amazon.com/dp/B003PMQMK2?tag=eloabder-20&linkCode=osi&th=1&psc=1">View Product</a></div><div class="product"><a href="https://www.amazon.com/dp/B07BVLGZW6?tag=eloabder-20&linkCode=osi&th=1&psc=1"><img src="https://m.media-amazon.com/images/I/51oBIB2I7HL._SL500_.jpg" alt="Product Image"></a><p>Good'N'Fun P-94130 Triple Flavor Wings Dog Chews, One Size</p><p>$11.65 ($0.97 / oz)</p><a href="https://www.amazon.com/dp/B07BVLGZW6?tag=eloabder-20&linkCode=osi&th=1&psc=1">View Product</a></div><div class="product"><a href="https://www.amazon.com/dp/B003P9XG68?tag=eloabder-20&linkCode=osi&th=1&psc=1"><img src="https://m.media-amazon.com/images/I/41ytS3hkBnL._SL500_.jpg" alt="Product Image"></a><p>Blue Buffalo Health Bars Natural Crunchy Dog Treats Biscuits, Pumpkin & Cinnamon 16-oz Bag</p><p>$4.98 ($0.31 / oz)</p><a href="https://www.amazon.com/dp/B003P9XG68?tag=eloabder-20&linkCode=osi&th=1&psc=1">View Product</a></div><div class="product"><a href="https://www.amazon.com/dp/B0BWBTWXN3?tag=eloabder-20&linkCode=osi&th=1&psc=1"><img src="https://m.media-amazon.com/images/I/31+dzCcvlGL._SL500_.jpg" alt="Product Image"></a><p>Vital Essentials Freeze Dried Raw Single Ingredient Dog Treats, Chicken Hearts, 1.9 oz</p><p>$9.49 ($4.99 / oz)</p><a href="https://www.amazon.com/dp/B0BWBTWXN3?tag=eloabder-20&linkCode=osi&th=1&psc=1">View Product</a></div><div class="product"><a href="https://www.amazon.com/dp/B01C47NRJC?tag=eloabder-20&linkCode=osi&th=1&psc=1"><img src="https://m.media-amazon.com/images/I/51fs1tTjYCL._SL500_.jpg" alt="Product Image"></a><p>Purina Beggin' With Real Meat Dog Treats, Fun Size Original With Bacon Flavor - 25 oz. Pouch</p><p>$11.48 ($7.35 / lb)</p><a href="https://www.amazon.com/dp/B01C47NRJC?tag=eloabder-20&linkCode=osi&th=1&psc=1">View Product</a></div><div class="product"><a href="https://www.amazon.com/dp/B07BVL8TQF?tag=eloabder-20&linkCode=osi&th=1&psc=1"><img src="https://m.media-amazon.com/images/I/41V12A43ClL._SL500_.jpg" alt="Product Image"></a><p>Good'N'Fun Triple Flavored Rawhide Kabobs for Dogs, 1.5 Pound (Pack of 1)</p><p>$17.98 ($11.99 / lb)</p><a href="https://www.amazon.com/dp/B07BVL8TQF?tag=eloabder-20&linkCode=osi&th=1&psc=1">View Product</a></div>
<div class="product"><a href="https://www.amazon.com/dp/B00G5M75UK?tag=eloabder-20&linkCode=osi&th=1&psc=1"><img src="https://m.media-amazon.com/images/I/51eJ6OzgqGL._SL500_.jpg" alt="Product Image"></a><p>Best Pet Supplies 2-in-1 Stuffless Squeaky Dog Toys with Soft, Durable Fabric for Small, Medium, and Large Pets, No Stuffing for Indoor Play, Supports Active Biting and Play - 1Wild Duck, Small</p><p>$4.99</p><a href="https://www.amazon.com/dp/B00G5M75UK?tag=eloabder-20&linkCode=osi&th=1&psc=1">View Product</a></div><div class="product"><a href="https://www.amazon.com/dp/B0BGBHXSWH?tag=eloabder-20&linkCode=osi&th=1&psc=1"><img src="https://m.media-amazon.com/images/I/510SJqCt8qL._SL500_.jpg" alt="Product Image"></a><p>Cowjag Cat Toys, Laser Pointer with 5 Adjustable Patterns, USB Recharge Laser, Long Range and 3 Modes Training Chaser Interactive Toy, Dog Laser Toy</p><p>$9.99</p><a href="https://www.amazon.com/dp/B0BGBHXSWH?tag=eloabder-20&linkCode=osi&th=1&psc=1">View Product</a></div><div class="product"><a href="https://www.amazon.com/dp/B00CPDWT2M?tag=eloabder-20&linkCode=osi&th=1&psc=1"><img src="https://m.media-amazon.com/images/I/318fAcfhAdL._SL500_.jpg" alt="Product Image"></a><p>Benebone Wishbone Durable Dog Chew Toy for Aggressive Chewers, Real Bacon, Made in USA, Medium</p><p>$9.74</p><a href="https://www.amazon.com/dp/B00CPDWT2M?tag=eloabder-20&linkCode=osi&th=1&psc=1">View Product</a></div>



<div class="product"><a href="https://www.amazon.com/dp/B00BUFYFKK?tag=eloabder-20&linkCode=osi&th=1&psc=1"><img src="https://m.media-amazon.com/images/I/51kfe3GnT3L._SL500_.jpg" alt="Product Image"></a><p>Hartz UltraGuard Purple Flea & Tick Collar for Cats and Kittens - 7 Month Protection</p><p>$3.58</p><a href="https://www.amazon.com/dp/B00BUFYFKK?tag=eloabder-20&linkCode=osi&th=1&psc=1">View Product</a></div>


<div class="product"><a href="https://www.amazon.com/dp/B005CUTWDE?tag=eloabder-20&linkCode=osi&th=1&psc=1"><img src="https://m.media-amazon.com/images/I/41j4IEfx6wL._SL500_.jpg" alt="Product Image"></a><p>Wahl USA Dry Skin & Itch Relief Pet Shampoo for Dogs – Oatmeal Formula with Coconut Lime Verbena & Pet Friendly Formula, 24 Oz - Model 820004A</p><p>$8.97</p><a href="https://www.amazon.com/dp/B005CUTWDE?tag=eloabder-20&linkCode=osi&th=1&psc=1">View Product</a></div><div class="product"><a href="https://www.amazon.com/dp/B005CUTW8O?tag=eloabder-20&linkCode=osi&th=1&psc=1"><img src="https://m.media-amazon.com/images/I/415nQL+xAbL._SL500_.jpg" alt="Product Image"></a><p>Wahl USA 4-in-1 Calming Pet Shampoo for Dogs – Cleans, Conditions, Detangles, & Moisturizes with Lavender Chamomile - Pet Friendly Formula - 24 Oz - Model 820000A</p><p>$8.48</p><a href="https://www.amazon.com/dp/B005CUTW8O?tag=eloabder-20&linkCode=osi&th=1&psc=1">View Product</a></div><div class="product"><a href="https://www.amazon.com/dp/B08ZJYBN9Y?tag=eloabder-20&linkCode=osi&th=1&psc=1"><img src="https://m.media-amazon.com/images/I/31KdutxWCzL._SL500_.jpg" alt="Product Image"></a><p>OUAI Fur Bébé Pet Shampoo, Mercer Street Scent - Dog Shampoo and Coat Wash for Hydrating, Cleansing and Adding Shine to Pet Hair - Pet Supplies by OUAI (16 Fl Oz)</p><p>$32.00</p><a href="https://www.amazon.com/dp/B08ZJYBN9Y?tag=eloabder-20&linkCode=osi&th=1&psc=1">View Product</a></div><div class="product"><a href="https://www.amazon.com/dp/B07RVD63J1?tag=eloabder-20&linkCode=osi&th=1&psc=1"><img src="https://m.media-amazon.com/images/I/31f8QK2qe2L._SL500_.jpg" alt="Product Image"></a><p>Arm & Hammer Super Deodorizing Shampoo For Dogs - Odor Eliminating Dog Shampoo For Smelly Dogs & Puppies With Arm & Hammer Baking Soda -- Kiwi Blossom Scent, 20 Fl Oz,White</p><p>$4.98</p><a href="https://www.amazon.com/dp/B07RVD63J1?tag=eloabder-20&linkCode=osi&th=1&psc=1">View Product</a></div><div class="product"><a href="https://www.amazon.com/dp/B079T44C3J?tag=eloabder-20&linkCode=osi&th=1&psc=1"><img src="https://m.media-amazon.com/images/I/41aKOigtAPL._SL500_.jpg" alt="Product Image"></a><p>Wahl USA Dry Skin & Itch Relief Pet Shampoo for Dogs – Oatmeal Formula with Coconut Lime Verbena - 64 Oz - Model 821004-050</p><p>$19.99</p><a href="https://www.amazon.com/dp/B079T44C3J?tag=eloabder-20&linkCode=osi&th=1&psc=1">View Product</a></div><div class="product"><a href="https://www.amazon.com/dp/B0791LY9MW?tag=eloabder-20&linkCode=osi&th=1&psc=1"><img src="https://m.media-amazon.com/images/I/41evpDHPYpL._SL500_.jpg" alt="Product Image"></a><p>Pawfume Dog Shampoo and Conditioner – Hypoallergenic Dog Shampoo for Smelly Dogs – Best Dog Shampoos & Conditioners – Probiotic Pet Shampoo for Dogs – Best Dog Shampoo for Puppies (Show Dog)</p><p>$12.99 ($1.08 / Fl Oz)</p><a href="https://www.amazon.com/dp/B0791LY9MW?tag=eloabder-20&linkCode=osi&th=1&psc=1">View Product</a></div><div class="product"><a href="https://www.amazon.com/dp/B018FGSTT4?tag=eloabder-20&linkCode=osi&th=1&psc=1"><img src="https://m.media-amazon.com/images/I/41879dA1aHL._SL500_.jpg" alt="Product Image"></a><p>Oatmeal Dog Shampoo & Conditioner 17oz [USA] 5 in 1 Plant-Based Organic Sulfate-Free Soap-Free-Tearless Moisturizer for Dandruff Allergies & Itchy Dry Sensitive Skin-Puppy Grooming [Pro Pet Works]</p><p>$16.99</p><a href="https://www.amazon.com/dp/B018FGSTT4?tag=eloabder-20&linkCode=osi&th=1&psc=1">View Product</a></div><div class="product"><a href="https://www.amazon.com/dp/B002GPD8BU?tag=eloabder-20&linkCode=osi&th=1&psc=1"><img src="https://m.media-amazon.com/images/I/41ctLsjd+hL._SL500_.jpg" alt="Product Image"></a><p>TropiClean 2-in-1 Papaya & Coconut Dog Shampoo and Conditioner | Natural Pet Shampoo Derived from Natural Ingredients | Cat Friendly | Made in the USA | 20 oz.</p><p>$14.99</p><a href="https://www.amazon.com/dp/B002GPD8BU?tag=eloabder-20&linkCode=osi&th=1&psc=1">View Product</a></div><div class="product"><a href="https://www.amazon.com/dp/B07K6JSBRB?tag=eloabder-20&linkCode=osi&th=1&psc=1"><img src="https://m.media-amazon.com/images/I/41kU4IxjB1L._SL500_.jpg" alt="Product Image"></a><p>Pet Honesty Chlorhexidine Cat & Dog Anti-itch Shampoo, for Allergies, Itching, Dog Skin and Coat Supplement, Helps Shedding, Hot Spots, Deodorizing Dog Shampoo, Dog Grooming Supplies,16oz</p><p>$20.99</p><a href="https://www.amazon.com/dp/B07K6JSBRB?tag=eloabder-20&linkCode=osi&th=1&psc=1">View Product</a></div>
<div class="product"><a href="https://www.amazon.com/dp/B002CZR9QY?tag=eloabder-20&linkCode=osi&th=1&psc=1"><img src="https://m.media-amazon.com/images/I/31SypTuKXPL._SL500_.jpg" alt="Product Image"></a><p>Veterinary Formula Smart Coat Complex Ultra Oatmeal Moisturizing Conditioner for Dogs, 17 Fl oz – with Colloidal Oatmeal & Jojoba – Leaves Coat Soft, Shiny, Hydrated, Strong, with Long-Lasting Scent</p><p>$9.99</p><a href="https://www.amazon.com/dp/B002CZR9QY?tag=eloabder-20&linkCode=osi&th=1&psc=1">View Product</a></div><div class="product"><a href="https://www.amazon.com/dp/B00CVTROQ6?tag=eloabder-20&linkCode=osi&th=1&psc=1"><img src="https://m.media-amazon.com/images/I/41aR-yjG0JL._SL500_.jpg" alt="Product Image"></a><p>Burt's Bees for Pets Naturally Derived Oatmeal Conditioner with Colloidal Oat Flour & Honey - Dog Oatmeal Shampoo - Cruelty Free, Made in the USA - 10 Oz</p><p>$7.98</p><a href="https://www.amazon.com/dp/B00CVTROQ6?tag=eloabder-20&linkCode=osi&th=1&psc=1">View Product</a></div><div class="product"><a href="https://www.amazon.com/dp/B002GPEMCE?tag=eloabder-20&linkCode=osi&th=1&psc=1"><img src="https://m.media-amazon.com/images/I/41aROtv96VL._SL500_.jpg" alt="Product Image"></a><p>TropiClean Kiwi & Coco Butter Moisturizing Dog Conditioner | Natural Pet Conditioner Derived from Natural Ingredients | Cat Friendly | Made in the USA | 20 oz.</p><p>$14.99</p><a href="https://www.amazon.com/dp/B002GPEMCE?tag=eloabder-20&linkCode=osi&th=1&psc=1">View Product</a></div><div class="product"><a href="https://www.amazon.com/dp/B0733Q6FZS?tag=eloabder-20&linkCode=osi&th=1&psc=1"><img src="https://m.media-amazon.com/images/I/41UVp4A19EL._SL500_.jpg" alt="Product Image"></a><p>earthbath, Oatmeal & Aloe Dog Shampoo and Conditioner - Oatmeal Shampoo for Dogs, Itchy, Dry Skin Relief, Dog Wash, Made in USA, Dog Conditioner, Pet Shampoos - Vanilla & Almond, 16 Oz (1 Set)</p><p>$29.50</p><a href="https://www.amazon.com/dp/B0733Q6FZS?tag=eloabder-20&linkCode=osi&th=1&psc=1">View Product</a></div><div class="product"><a href="https://www.amazon.com/dp/B00LNEDFVS?tag=eloabder-20&linkCode=osi&th=1&psc=1"><img src="https://m.media-amazon.com/images/I/31wJ3gR-zkL._SL500_.jpg" alt="Product Image"></a><p>earthbath Oatmeal & Aloe Conditioner, Fragrance Free, 16 oz – Dog Conditioner for Allergies and Itching, Dry Skin – Made in USA</p><p>$17.31</p><a href="https://www.amazon.com/dp/B00LNEDFVS?tag=eloabder-20&linkCode=osi&th=1&psc=1">View Product</a></div><div class="product"><a href="https://www.amazon.com/dp/B088S8XKJN?tag=eloabder-20&linkCode=osi&th=1&psc=1"><img src="https://m.media-amazon.com/images/I/31PU8NG6t6L._SL500_.jpg" alt="Product Image"></a><p>BioSilk for Dogs Silk Therapy Detangling Conditioner | Sulfate and Paraben Free Matted Hair Dog Detangler Conditioner for All Adult Dogs, 12 Fl Oz Made in The USA,Beige</p><p>$9.99</p><a href="https://www.amazon.com/dp/B088S8XKJN?tag=eloabder-20&linkCode=osi&th=1&psc=1">View Product</a></div><div class="product"><a href="https://www.amazon.com/dp/B08P4T75LL?tag=eloabder-20&linkCode=osi&th=1&psc=1"><img src="https://m.media-amazon.com/images/I/31rhZnbNzgL._SL500_.jpg" alt="Product Image"></a><p>PET Head Sensitive Soul Conditioner for Dogs with Sensitive Skin 8.4 fl. oz. Coconut Scent. Hypoallergenic and Soothing, Natural Ingredients and Vegan. Gentle Formula for Puppies. Made in USA</p><p>$15.99</p><a href="https://www.amazon.com/dp/B08P4T75LL?tag=eloabder-20&linkCode=osi&th=1&psc=1">View Product</a></div>

<div class="product"><a href="https://www.amazon.com/dp/B07SHGK4M5?tag=eloabder-20&linkCode=osi&th=1&psc=1"><img src="https://m.media-amazon.com/images/I/5130vs0twCL._SL500_.jpg" alt="Product Image"></a><p>GNAWRISHING Flea Comb 4Pcs with High Strength Teeth Pet Tear Stain Remover Combs, Pet Dog Cat Grooming Comb Set Effective Float Hair Remover</p><p>$5.98</p><a href="https://www.amazon.com/dp/B07SHGK4M5?tag=eloabder-20&linkCode=osi&th=1&psc=1">View Product</a></div>
<div class="product"><a href="https://www.amazon.com/dp/B09V5PDTSD?tag=eloabder-20&linkCode=osi&th=1&psc=1"><img src="https://m.media-amazon.com/images/I/514U8rhVWcL._SL500_.jpg" alt="Product Image"></a><p>iToleeve LED Dog Nail Clipper with Light, Illuminates Nails or Bloodline for Safe and Easy Trimmers, Extra Sharp for Thick nails, Quick Sensor, Avoid Over Cutting Toenail, for Cats & Dogs</p><p>$20.99 ($20.99 / Count)</p><a href="https://www.amazon.com/dp/B09V5PDTSD?tag=eloabder-20&linkCode=osi&th=1&psc=1">View Product</a></div>


<div class="product"><a href="https://www.amazon.com/dp/B000FEF10A?tag=eloabder-20&linkCode=osi&th=1&psc=1"><img src="https://m.media-amazon.com/images/I/5133i0iTHGL._SL500_.jpg" alt="Product Image"></a><p>PetSafe ScoopFree Crystal Cat Litter Tray Refills – Fresh Scent, 3-Pack – Disposable Tray – includes Leak Protection & Low Tracking Litter – Absorbs Odors On Contact</p><p>$69.95 ($23.32 / Count)</p><a href="https://www.amazon.com/dp/B000FEF10A?tag=eloabder-20&linkCode=osi&th=1&psc=1">View Product</a></div>
<div class="product"><a href="https://www.amazon.com/dp/B0009X0QSY?tag=eloabder-20&linkCode=osi&th=1&psc=1"><img src="https://m.media-amazon.com/images/I/41OLN2UTAyL._SL500_.jpg" alt="Product Image"></a><p>Dr. Elsey's Premium Clumping Cat Litter - Ultra - 99.9% Dust-Free, Low Tracking, Hard Clumping, Superior Odor Control, Unscented & Natural Ingredients</p><p>$11.68 ($0.04 / Fl Oz)</p><a href="https://www.amazon.com/dp/B0009X0QSY?tag=eloabder-20&linkCode=osi&th=1&psc=1">View Product</a></div><div class="product"><a href="https://www.amazon.com/dp/B089PM6FRC?tag=eloabder-20&linkCode=osi&th=1&psc=1"><img src="https://m.media-amazon.com/images/I/51sRjfsJXvL._SL500_.jpg" alt="Product Image"></a><p>Fresh Step Clumping Cat Litter, With Gain, Advanced, Extra Large, 37 Pounds total (2 Pack of 18.5lb Boxes)</p><p>$33.59 ($0.91 / Pound)</p><a href="https://www.amazon.com/dp/B089PM6FRC?tag=eloabder-20&linkCode=osi&th=1&psc=1">View Product</a></div><div class="product"><a href="https://www.amazon.com/dp/B09F8NLGCD?tag=eloabder-20&linkCode=osi&th=1&psc=1"><img src="https://m.media-amazon.com/images/I/51cCqZZ0EEL._SL500_.jpg" alt="Product Image"></a><p>Arm & Hammer Forever Fresh Clumping Cat Litter Lavender, MultiCat 18lb With 20% More Lavender Freshness, Pet Friendly With Essential Oils</p><p>$15.99 ($0.06 / Ounce)</p><a href="https://www.amazon.com/dp/B09F8NLGCD?tag=eloabder-20&linkCode=osi&th=1&psc=1">View Product</a></div><div class="product"><a href="https://www.amazon.com/dp/B0747RSKTG?tag=eloabder-20&linkCode=osi&th=1&psc=1"><img src="https://m.media-amazon.com/images/I/51WdM9v40+L._SL500_.jpg" alt="Product Image"></a><p>Fresh Step Clumping Cat Litter, Extreme, Long Lasting Odor Control Kitty Litter with Activated Charcoal, Low Dust Formula, 14 lb</p><p>$11.39 ($0.05 / Ounce)</p><a href="https://www.amazon.com/dp/B0747RSKTG?tag=eloabder-20&linkCode=osi&th=1&psc=1">View Product</a></div><div class="product"><a href="https://www.amazon.com/dp/B0CGJGDW2V?tag=eloabder-20&linkCode=osi&th=1&psc=1"><img src="https://m.media-amazon.com/images/I/41o5EN96UkL._SL500_.jpg" alt="Product Image"></a><p>Purina Tidy Cats Clumping Cat Litter, 24/7 Performance Multi Cat Litter - 38 lb. Box</p><p>$25.99 ($0.68 / Pound)</p><a href="https://www.amazon.com/dp/B0CGJGDW2V?tag=eloabder-20&linkCode=osi&th=1&psc=1">View Product</a></div><div class="product"><a href="https://www.amazon.com/dp/B01C600O0W?tag=eloabder-20&linkCode=osi&th=1&psc=1"><img src="https://m.media-amazon.com/images/I/41eEC1OOS+L._SL500_.jpg" alt="Product Image"></a><p>Cat's Pride Premium Lightweight Multi-Cat Clumping Litter 10 Pounds</p><p>$11.49 ($1.15 / Pound)</p><a href="https://www.amazon.com/dp/B01C600O0W?tag=eloabder-20&linkCode=osi&th=1&psc=1">View Product</a></div><div class="product"><a href="https://www.amazon.com/dp/B07ZK3DZB3?tag=eloabder-20&linkCode=osi&th=1&psc=1"><img src="https://m.media-amazon.com/images/I/513ldUaCuNL._SL500_.jpg" alt="Product Image"></a><p>Fresh Step Clean Paws Cat Litter With Febreze Freshness, Advanced Multi-Cat Low-Tracking Clumping Litter With Guaranteed Odor Control, 37 lbs. (2 x 18.5 lb. Box)</p><p>$32.64 ($0.06 / Ounce)</p><a href="https://www.amazon.com/dp/B07ZK3DZB3?tag=eloabder-20&linkCode=osi&th=1&psc=1">View Product</a></div><div class="product"><a href="https://www.amazon.com/dp/B089LLHMQL?tag=eloabder-20&linkCode=osi&th=1&psc=1"><img src="https://m.media-amazon.com/images/I/51ianIzBe3L._SL500_.jpg" alt="Product Image"></a><p>Arm Hammer SLIDE Platinum Multi-Cat Easy Clean-Up Clumping Cat Litter, 14 Days of Odor Control 18 lb</p><p>$17.99 ($0.06 / Fl Oz)</p><a href="https://www.amazon.com/dp/B089LLHMQL?tag=eloabder-20&linkCode=osi&th=1&psc=1">View Product</a></div><div class="product"><a href="https://www.amazon.com/dp/B07KYLF5S8?tag=eloabder-20&linkCode=osi&th=1&psc=1"><img src="https://m.media-amazon.com/images/I/41KBVnWxCOL._SL500_.jpg" alt="Product Image"></a><p>Purina Tidy Cats Low Dust, Multi Cat, Clumping Cat Litter, LightWeight Glade Clear Springs - 17 lb. Box</p><p>$25.48 ($1.50 / Pound)</p><a href="https://www.amazon.com/dp/B07KYLF5S8?tag=eloabder-20&linkCode=osi&th=1&psc=1">View Product</a></div><div class="product"><a href="https://www.amazon.com/dp/B0CGJG25PV?tag=eloabder-20&linkCode=osi&th=1&psc=1"><img src="https://m.media-amazon.com/images/I/41gda-SlYBL._SL500_.jpg" alt="Product Image"></a><p>Purina Tidy Cats Clumping Cat Litter, Free & Clean Unscented Multi Cat Litter - 38 lb. Box</p><p>$25.99 ($0.68 / Pound)</p><a href="https://www.amazon.com/dp/B0CGJG25PV?tag=eloabder-20&linkCode=osi&th=1&psc=1">View Product</a></div>

<div class="product"><a href="https://www.amazon.com/dp/B00MW8G3YU?tag=eloabder-20&linkCode=osi&th=1&psc=1"><img src="https://m.media-amazon.com/images/I/31KsVrUeevL._SL500_.jpg" alt="Product Image"></a><p>Amazon Basics Dog and Puppy Pee Pads with 5-Layer Leak-Proof Design and Quick-Dry Surface for Potty Training, Standard Absorbency, Regular Size, 22 x 22 Inch - Pack of 50, Blue & White</p><p>$11.85 ($0.24 / Count)</p><a href="https://www.amazon.com/dp/B00MW8G3YU?tag=eloabder-20&linkCode=osi&th=1&psc=1">View Product</a></div><div class="product"><a href="https://www.amazon.com/dp/B0CXM4NGZG?tag=eloabder-20&linkCode=osi&th=1&psc=1"><img src="https://m.media-amazon.com/images/I/41bxvVfBFkL._SL500_.jpg" alt="Product Image"></a><p>Dog Ear Cleaner Finger Wipes，Premium Ear Finger Wipes for Dogs Cats 50 Pcs Reduce Earwax Buildup Sooths Deodorizes Relieve Ear Itching Inflammation, Fresh Coconut Scent, Natural Ingredients (100 Pcs)</p><p>$12.34</p><a href="https://www.amazon.com/dp/B0CXM4NGZG?tag=eloabder-20&linkCode=osi&th=1&psc=1">View Product</a></div>













<div class="product"><a href="https://www.amazon.com/dp/B00PQ5UH0C?tag=eloabder-20&linkCode=osi&th=1&psc=1"><img src="https://m.media-amazon.com/images/I/51mFFpJO-aL._SL500_.jpg" alt="Product Image"></a><p>Wobble Wag Giggle Ball, Interactive Dog Toy, Fun Giggle Sounds When Rolled or Shaken, Pets Know Best, As Seen On TV</p><p>$14.99</p><a href="https://www.amazon.com/dp/B00PQ5UH0C?tag=eloabder-20&linkCode=osi&th=1&psc=1">View Product</a></div><div class="product"><a href="https://www.amazon.com/dp/B0054C9B1I?tag=eloabder-20&linkCode=osi&th=1&psc=1"><img src="https://m.media-amazon.com/images/I/51ubAM+J5DL._SL500_.jpg" alt="Product Image"></a><p>Hyper Pet Doggie Tail Interactive Plush Dog Toys (Wiggles, Vibrates, and Barks, Stimulating Play)</p><p>$16.77</p><a href="https://www.amazon.com/dp/B0054C9B1I?tag=eloabder-20&linkCode=osi&th=1&psc=1">View Product</a></div>






<div class="product"><a href="https://www.amazon.com/dp/B00JZHRYFI?tag=eloabder-20&linkCode=osi&th=1&psc=1"><img src="https://m.media-amazon.com/images/I/41xHqz3QFML._SL500_.jpg" alt="Product Image"></a><p>PetSafe Happy Ride Metal Dog Barrier - Adjusts to Fit Your Vehicle - Keeps Pets Off Passenger Seats - Sturdy Construction</p><p>$55.21</p><a href="https://www.amazon.com/dp/B00JZHRYFI?tag=eloabder-20&linkCode=osi&th=1&psc=1">View Product</a></div>

<div class="product"><a href="https://www.amazon.com/dp/B0CVXNKVWC?tag=eloabder-20&linkCode=osi&th=1&psc=1"><img src="https://m.media-amazon.com/images/I/41dsqiNkA+L._SL500_.jpg" alt="Product Image"></a><p>Jazzy Fuzzy Pet Heating Pad, 6 Adjustable Temperature Dog Cat Heating Pad with Timer, Waterproof Heating Pad Indoor for Dogs with Chew Resistant Cord (S:18" x 16")</p><p>$29.66</p><a href="https://www.amazon.com/dp/B0CVXNKVWC?tag=eloabder-20&linkCode=osi&th=1&psc=1">View Product</a></div>
<div class="product"><a href="https://www.amazon.com/dp/B0BPQRR1PN?tag=eloabder-20&linkCode=osi&th=1&psc=1"><img src="https://m.media-amazon.com/images/I/41Ppxz4+IFL._SL500_.jpg" alt="Product Image"></a><p>Newday Dog Toothbrush Set of 8 - Dual Headed, Dental Hygiene Convenient Soft Toothbrush to Clean pet Teeth, Dog Tooth Brushes for Small to Large Dogs, Cats, and Most Pets, Teeth Brush in Bulk</p><p>$6.99 ($0.87 / Count)</p><a href="https://www.amazon.com/dp/B0BPQRR1PN?tag=eloabder-20&linkCode=osi&th=1&psc=1">View Product</a></div><div class="product"><a href="https://www.amazon.com/dp/B0BRMQHYTW?tag=eloabder-20&linkCode=osi&th=1&psc=1"><img src="https://m.media-amazon.com/images/I/41hDIKxNIUL._SL500_.jpg" alt="Product Image"></a><p>HICC PET Teeth Cleaning Wipes for Dogs & Cats, Remove Bad Breath by Removing Plaque and Tartar Buildup No-Rinse Dog Finger Toothbrush, Disposable Gentle Cleaning & Gum Care Pet Wipes, 50 Counts</p><p>$15.99</p><a href="https://www.amazon.com/dp/B0BRMQHYTW?tag=eloabder-20&linkCode=osi&th=1&psc=1">View Product</a></div><div class="product"><a href="https://www.amazon.com/dp/B098PF4NPQ?tag=eloabder-20&linkCode=osi&th=1&psc=1"><img src="https://m.media-amazon.com/images/I/51J4B-P+q5L._SL500_.jpg" alt="Product Image"></a><p>Jasper Dog Toothbrush, 360º Dog Tooth Brushing Kit, Cat Toothbrush, Dog Teeth Cleaning, Dog Finger Toothbrush, Dog Tooth Brush for Small & Large Pets, Dog Toothpaste Not Included - Blue 2-Pack</p><p>$13.99 ($7.00 / Count)</p><a href="https://www.amazon.com/dp/B098PF4NPQ?tag=eloabder-20&linkCode=osi&th=1&psc=1">View Product</a></div><div class="product"><a href="https://www.amazon.com/dp/B08B7238H5?tag=eloabder-20&linkCode=osi&th=1&psc=1"><img src="https://m.media-amazon.com/images/I/41TrsZlWCuL._SL500_.jpg" alt="Product Image"></a><p>Pet Toothbrush for Dogs, Cats with Soft Bristles - Easy Teeth Cleaning & Dental Care, Non Slip Dual Head Dog Toothbrush</p><p>$6.79</p><a href="https://www.amazon.com/dp/B08B7238H5?tag=eloabder-20&linkCode=osi&th=1&psc=1">View Product</a></div><div class="product"><a href="https://www.amazon.com/dp/B0C3M7TD8R?tag=eloabder-20&linkCode=osi&th=1&psc=1"><img src="https://m.media-amazon.com/images/I/51COSpzGOjL._SL500_.jpg" alt="Product Image"></a><p>VIWIK 4Pack Dog Toothbrush Dog Tooth Brushing Kit, Cat Finger Toothbrush for Dogs Small Breed, Medium Large Dogs, Puppy Toothbrush for Dog Teeth Cleaning & Dental Care, Pet Finger Toothbrush Kit</p><p>$6.49 ($1.62 / Count)</p><a href="https://www.amazon.com/dp/B0C3M7TD8R?tag=eloabder-20&linkCode=osi&th=1&psc=1">View Product</a></div><div class="product"><a href="https://www.amazon.com/dp/B00B5RFJB2?tag=eloabder-20&linkCode=osi&th=1&psc=1"><img src="https://m.media-amazon.com/images/I/414Mxf1TTTL._SL500_.jpg" alt="Product Image"></a><p>Arm & Hammer for Pets Tartar Control Kit for Dogs | Contains Toothpaste, Toothbrush & Fingerbrush | Reduces Plaque & Tartar Buildup | Safe for Puppies, 3-Piece , Beef Flavor</p><p>$7.89 ($3.16 / Ounce)</p><a href="https://www.amazon.com/dp/B00B5RFJB2?tag=eloabder-20&linkCode=osi&th=1&psc=1">View Product</a></div><div class="product"><a href="https://www.amazon.com/dp/B0BRXMC97P?tag=eloabder-20&linkCode=osi&th=1&psc=1"><img src="https://m.media-amazon.com/images/I/31EQPPcpx-L._SL500_.jpg" alt="Product Image"></a><p>JAYU PET Dental Care Brush (Soft Bristles) - Toothbrush for Cat and Small Dog with Horizontal Head & Easy Grip Handle (1)</p><p>$9.99</p><a href="https://www.amazon.com/dp/B0BRXMC97P?tag=eloabder-20&linkCode=osi&th=1&psc=1">View Product</a></div><div class="product"><a href="https://www.amazon.com/dp/B09SXPVN5D?tag=eloabder-20&linkCode=osi&th=1&psc=1"><img src="https://m.media-amazon.com/images/I/41VfEMZtHxL._SL500_.jpg" alt="Product Image"></a><p>EASYA Double Headed Pet Dog Toothbrush for Small Dogs/Soft Bristles Puppy Long Handle Tooth Brush Dogs Teeth Cleaning/Bulk Toothbrushes Dental & Oral Care… (MIXED10)</p><p>$4.99 ($4.99 / Count)</p><a href="https://www.amazon.com/dp/B09SXPVN5D?tag=eloabder-20&linkCode=osi&th=1&psc=1">View Product</a></div><div class="product"><a href="https://www.amazon.com/dp/B06XKJNFXX?tag=eloabder-20&linkCode=osi&th=1&psc=1"><img src="https://m.media-amazon.com/images/I/51tetoX-VcL._SL500_.jpg" alt="Product Image"></a><p>Vet's Best Dog Toothbrush & Enzymatic Toothpaste Kit - Teeth Cleaning - Made with Natural Ingredients - Reduces Plaque, Whitens Teeth, Freshens Breath - Bonus Care Guide & Finger Brush Included</p><p>$9.26</p><a href="https://www.amazon.com/dp/B06XKJNFXX?tag=eloabder-20&linkCode=osi&th=1&psc=1">View Product</a></div>
<div class="product"><a href="https://www.amazon.com/dp/B00RZDXA7K?tag=eloabder-20&linkCode=osi&th=1&psc=1"><img src="https://m.media-amazon.com/images/I/41gpC5xESnL._SL500_.jpg" alt="Product Image"></a><p>Virbac CET Enzymatic Toothpaste| Eliminates Bad Breath by Removing Plaque & Tartar Buildup | Best Pet Dental Care Toothpaste | Poultry Flavor, 2.5 oz tube</p><p>$11.52 ($4.61 / Ounce)</p><a href="https://www.amazon.com/dp/B00RZDXA7K?tag=eloabder-20&linkCode=osi&th=1&psc=1">View Product</a></div><div class="product"><a href="https://www.amazon.com/dp/B08QJPJNGY?tag=eloabder-20&linkCode=osi&th=1&psc=1"><img src="https://m.media-amazon.com/images/I/41AHDzkNc5L._SL500_.jpg" alt="Product Image"></a><p>Arm & Hammer Complete Care Enzymatic Dog Toothpaste, 6.2 oz - Dog Toothpaste for Puppies and Adult Dogs, Arm and Hammer Toothpaste for Dogs - Pet Toothpaste, Dog Dental Care and Clean Dog Teeth</p><p>$5.82 ($0.94 / Ounce)</p><a href="https://www.amazon.com/dp/B08QJPJNGY?tag=eloabder-20&linkCode=osi&th=1&psc=1">View Product</a></div><div class="product"><a href="https://www.amazon.com/dp/B0778GHYXP?tag=eloabder-20&linkCode=osi&th=1&psc=1"><img src="https://m.media-amazon.com/images/I/41fl3mRiRtL._SL500_.jpg" alt="Product Image"></a><p>Petsmile Professional Pet Toothpaste - Cat & Dog Teeth Cleaning Supplies - Controls Plaque, Tartar, & Bad Breath - VOHC Accepted Toothpaste - Pet Dental Care Essentials (London Broil, 2.5 Oz)</p><p>$14.99</p><a href="https://www.amazon.com/dp/B0778GHYXP?tag=eloabder-20&linkCode=osi&th=1&psc=1">View Product</a></div><div class="product"><a href="https://www.amazon.com/dp/B0002AQMZU?tag=eloabder-20&linkCode=osi&th=1&psc=1"><img src="https://m.media-amazon.com/images/I/31bv4h2hNOL._SL500_.jpg" alt="Product Image"></a><p>Vet’s Best Enzymatic Dog Toothpaste | Teeth Cleaning and Fresh Breath Dental Care Gel | Vet Formulated | 3.5 Ounces | Grape flavor</p><p>$11.48</p><a href="https://www.amazon.com/dp/B0002AQMZU?tag=eloabder-20&linkCode=osi&th=1&psc=1">View Product</a></div><div class="product"><a href="https://www.amazon.com/dp/B00025K0R6?tag=eloabder-20&linkCode=osi&th=1&psc=1"><img src="https://m.media-amazon.com/images/I/41RMHNoofoL._SL500_.jpg" alt="Product Image"></a><p>Petrodex Toothpaste for Dogs and Puppies, Cleans Teeth and Fights Bad Breath, Reduces Plaque and Tartar Formation, Enzymatic Toothpaste, Poultry Flavor, 6.2oz</p><p>$10.03 ($1.62 / Ounce)</p><a href="https://www.amazon.com/dp/B00025K0R6?tag=eloabder-20&linkCode=osi&th=1&psc=1">View Product</a></div><div class="product"><a href="https://www.amazon.com/dp/B08QJFZCDK?tag=eloabder-20&linkCode=osi&th=1&psc=1"><img src="https://m.media-amazon.com/images/I/41bOWd5qb3L._SL500_.jpg" alt="Product Image"></a><p>Arm & Hammer Complete Care Enzymatic Dog Toothpaste Value Size | 6.2 oz Peanut Butter Flavor Enzymatic Dog Toothpaste for Puppies | Great Tasting Dog Toothpaste with Arm & Hammer Baking Soda</p><p>$6.63 ($1.07 / Ounce)</p><a href="https://www.amazon.com/dp/B08QJFZCDK?tag=eloabder-20&linkCode=osi&th=1&psc=1">View Product</a></div><div class="product"><a href="https://www.amazon.com/dp/B098953TJN?tag=eloabder-20&linkCode=osi&th=1&psc=1"><img src="https://m.media-amazon.com/images/I/31EsN5mPA9S._SL500_.jpg" alt="Product Image"></a><p>Petsmile Professional Pet Tooth Brushing Kit - Cat & Dog Toothbrush & Toothpaste - Control Plaque, Tartar & Bad Breath - VOHC Accepted Toothpaste - Teeth Cleaning Supplies (London Broil, 2.5 Oz)</p><p>$25.00 ($10.00 / Ounce)</p><a href="https://www.amazon.com/dp/B098953TJN?tag=eloabder-20&linkCode=osi&th=1&psc=1">View Product</a></div><div class="product"><a href="https://www.amazon.com/dp/B01KD8725Y?tag=eloabder-20&linkCode=osi&th=1&psc=1"><img src="https://m.media-amazon.com/images/I/411faxe3KUL._SL500_.jpg" alt="Product Image"></a><p>Arm & Hammer for Pets Clinical Care Dental Enzymatic Toothpaste for Dogs | Soothes Inflamed Gums | Safe for Puppies 1 Pack Fresh Breath Vanilla Ginger</p><p>$5.99 ($2.40 / Ounce)</p><a href="https://www.amazon.com/dp/B01KD8725Y?tag=eloabder-20&linkCode=osi&th=1&psc=1">View Product</a></div><div class="product"><a href="https://www.amazon.com/dp/B08QJNMHLZ?tag=eloabder-20&linkCode=osi&th=1&psc=1"><img src="https://m.media-amazon.com/images/I/41HvsSGBm5L._SL500_.jpg" alt="Product Image"></a><p>Arm & Hammer Complete Care Dog Dental Kit | 2.5 oz Chicken Flavor Enzymatic Dog Toothpaste, Toothbrush, & Finger Brush | Baking Soda Enhanced Formula for Fresh Breath and Tartar Control</p><p>$5.82 ($2.33 / Ounce)</p><a href="https://www.amazon.com/dp/B08QJNMHLZ?tag=eloabder-20&linkCode=osi&th=1&psc=1">View Product</a></div><div class="product"><a href="https://www.amazon.com/dp/B0CPQ26CG8?tag=eloabder-20&linkCode=osi&th=1&psc=1"><img src="https://m.media-amazon.com/images/I/31gKo9WixRL._SL500_.jpg" alt="Product Image"></a><p>Remineralizing Dog Toothpaste – Vet-Grade, with Nano-Hydroxyapatite, Reverses Early-Stage Decay, Cleans Teeth, Removes Tartar, Freshens Breath by Arterra Pet Science, Plant-Based, Natural Flavor, 4oz</p><p>$19.99 ($5.00 / Ounce)</p><a href="https://www.amazon.com/dp/B0CPQ26CG8?tag=eloabder-20&linkCode=osi&th=1&psc=1">View Product</a></div>


<div class="product"><a href="https://www.amazon.com/dp/B0C58GKQR3?tag=eloabder-20&linkCode=osi&th=1&psc=1"><img src="https://m.media-amazon.com/images/I/41ntA-bHrVL._SL500_.jpg" alt="Product Image"></a><p>MySimplePetLab Dog First Aid Kit | First Aid Dog Travel Accessories | Dog Medical Kit | Dog Essentials Mini First Aid for Wounds, Cuts, or Minor Injuries</p><p>$39.99 ($39.99 / Count)</p><a href="https://www.amazon.com/dp/B0C58GKQR3?tag=eloabder-20&linkCode=osi&th=1&psc=1">View Product</a></div>
<div class="product"><a href="https://www.amazon.com/dp/B0CSPNSVXK?tag=eloabder-20&linkCode=osi&th=1&psc=1"><img src="https://m.media-amazon.com/images/I/41HxJh914vL._SL500_.jpg" alt="Product Image"></a><p>Advanced Health Monitoring Pee Pads for Dogs – Color-Changing, Leak-Proof, and Odor-Control | As Seen on Shark Tank | Genius</p><p>$24.99</p><a href="https://www.amazon.com/dp/B0CSPNSVXK?tag=eloabder-20&linkCode=osi&th=1&psc=1">View Product</a></div>








<div class="product"><a href="https://www.amazon.com/dp/B002AI39QW?tag=eloabder-20&linkCode=osi&th=1&psc=1"><img src="https://m.media-amazon.com/images/I/41vafEl3pTL._SL500_.jpg" alt="Product Image"></a><p>Epi-Pet K-9 Care Sunscreen, Paws to Tail Protection, Prevents Sunburns on Dogs and Horses, Sun Protector Spray, SPF 30+, Non-Greasy/Oily Solution – 3.5 oz</p><p>$17.95</p><a href="https://www.amazon.com/dp/B002AI39QW?tag=eloabder-20&linkCode=osi&th=1&psc=1">View Product</a></div><div class="product"><a href="https://www.amazon.com/dp/B08DDJYJJC?tag=eloabder-20&linkCode=osi&th=1&psc=1"><img src="https://m.media-amazon.com/images/I/41AGRXwbz9L._SL500_.jpg" alt="Product Image"></a><p>Bodhi Dog Sunscreen | Large 8oz SPF 30+ Moisturizing Pet Sunscreen | Safe for All Breeds of Dogs, Cats and Horses | Natural Skin Protection and Conditioner for Skin, Coat, Nose, and Ears | USA Made</p><p>$13.99 ($1.75 / Fl Oz)</p><a href="https://www.amazon.com/dp/B08DDJYJJC?tag=eloabder-20&linkCode=osi&th=1&psc=1">View Product</a></div><div class="product"><a href="https://www.amazon.com/dp/B07SB22JNX?tag=eloabder-20&linkCode=osi&th=1&psc=1"><img src="https://m.media-amazon.com/images/I/41LcLbaDSXL._SL500_.jpg" alt="Product Image"></a><p>EBPP Dog Sunscreen Sun Skin Protector Spray 8 oz - Safe for All Breeds with No Zinc Oxide - Pet Protection and Moisturizer for Skin, Coat, Nose, Ears</p><p>$18.95 ($2.37 / Fl Oz)</p><a href="https://www.amazon.com/dp/B07SB22JNX?tag=eloabder-20&linkCode=osi&th=1&psc=1">View Product</a></div><div class="product"><a href="https://www.amazon.com/dp/B08Z1WPGJX?tag=eloabder-20&linkCode=osi&th=1&psc=1"><img src="https://m.media-amazon.com/images/I/41IgTyrpxBL._SL500_.jpg" alt="Product Image"></a><p>Bodhi Dog Sunscreen | Extra Large 16.5 Ounce SPF 30+ Moisturizing Pet Safe for All Breeds of Dogs, Cats and Horses | Skin Protection and Conditioner for Skin, Coat, Nose, and Ears | USA Made</p><p>$16.99</p><a href="https://www.amazon.com/dp/B08Z1WPGJX?tag=eloabder-20&linkCode=osi&th=1&psc=1">View Product</a></div><div class="product"><a href="https://www.amazon.com/dp/B0CSTCW6WL?tag=eloabder-20&linkCode=osi&th=1&psc=1"><img src="https://m.media-amazon.com/images/I/41UbNRTz7zL._SL500_.jpg" alt="Product Image"></a><p>Pet Sunscreen Balm, 60ml, SPF 15, Moisturizing, Eco-Friendly Tin, Non-Toxic Formula for Dogs and Cats</p><p>$14.99 ($0.25 / Gram)</p><a href="https://www.amazon.com/dp/B0CSTCW6WL?tag=eloabder-20&linkCode=osi&th=1&psc=1">View Product</a></div><div class="product"><a href="https://www.amazon.com/dp/B071K355ZQ?tag=eloabder-20&linkCode=osi&th=1&psc=1"><img src="https://m.media-amazon.com/images/I/51UiYOPTELL._SL500_.jpg" alt="Product Image"></a><p>SIT. STAY. FOREVER. SAFETY FIRST PET PRODUCTS Organic Sunscreen & Moisturizer for dogs and cats, 2 oz, All Natural, Waterproof, Red Raspberry Seed, Carrot Seed and Hemp Oils, Made in MAINE</p><p>$15.99 ($8.00 / Ounce)</p><a href="https://www.amazon.com/dp/B071K355ZQ?tag=eloabder-20&linkCode=osi&th=1&psc=1">View Product</a></div><div class="product"><a href="https://www.amazon.com/dp/B008F4OOM8?tag=eloabder-20&linkCode=osi&th=1&psc=1"><img src="https://m.media-amazon.com/images/I/31F67SFV7BL._SL500_.jpg" alt="Product Image"></a><p>Petkin Dog Sunscreen Sunstick – Sunscreen for Dogs and Puppies, SPF 15 – Simply Rub on Anytime for Instant Sun Protection – Vanilla Coconut Scent, .5 oz Net Weight – Ideal for Home or Travel</p><p>$11.97</p><a href="https://www.amazon.com/dp/B008F4OOM8?tag=eloabder-20&linkCode=osi&th=1&psc=1">View Product</a></div><div class="product"><a href="https://www.amazon.com/dp/B079VHFBGB?tag=eloabder-20&linkCode=osi&th=1&psc=1"><img src="https://m.media-amazon.com/images/I/51j8zibHIzL._SL500_.jpg" alt="Product Image"></a><p>Handy Hound SnoutScreen - All-Natural Organic Vet-Recommended Dog Nose balm and Paw Balm with Natural Sunscreen - Made in the USA Protect Your Dog from Harmful UVB/UVC Rays - 2 oz</p><p>$20.99 ($20.99 / Count)</p><a href="https://www.amazon.com/dp/B079VHFBGB?tag=eloabder-20&linkCode=osi&th=1&psc=1">View Product</a></div>
<div class="product"><a href="https://www.amazon.com/dp/B0D3QFMQM2?tag=eloabder-20&linkCode=osi&th=1&psc=1"><img src="https://m.media-amazon.com/images/I/41Xp-SBgePL._SL500_.jpg" alt="Product Image"></a><p>All-in-One Dog Supplement for Wellness and Longevity, 63 Ingredients for Joints, Cognition, Mood, Skin, Gut and Organ Health, Small Breeds, Vet-Formulated, Made in USA, Senior Formula for 8+ Years</p><p>$59.99 ($6.18 / Ounce)</p><a href="https://www.amazon.com/dp/B0D3QFMQM2?tag=eloabder-20&linkCode=osi&th=1&psc=1">View Product</a></div><div class="product"><a href="https://www.amazon.com/dp/B0083H586S?tag=eloabder-20&linkCode=osi&th=1&psc=1"><img src="https://m.media-amazon.com/images/I/41TpGg6ZSIL._SL500_.jpg" alt="Product Image"></a><p>NaturVet – Senior Wellness Hip & Joint Advanced Plus Omegas | Help Support Your Pet’s Healthy Hip & Joint Function | Supports Joints, Cartilage & Connective Tissues | 120 Soft Chews</p><p>$16.99 ($0.14 / Count)</p><a href="https://www.amazon.com/dp/B0083H586S?tag=eloabder-20&linkCode=osi&th=1&psc=1">View Product</a></div><div class="product"><a href="https://www.amazon.com/dp/B07FWPPGWT?tag=eloabder-20&linkCode=osi&th=1&psc=1"><img src="https://m.media-amazon.com/images/I/41+inDo9CwL._SL500_.jpg" alt="Product Image"></a><p>Critical Immune Defense for Dogs & Cats; Supports Normal Cell Growth - Turkey Tail, Reishi, Shiitake and Maitake Mushroom Formula with Patented White Turmeric Root Extract - 30-day Supply</p><p>$65.00 ($10.25 / Ounce)</p><a href="https://www.amazon.com/dp/B07FWPPGWT?tag=eloabder-20&linkCode=osi&th=1&psc=1">View Product</a></div><div class="product"><a href="https://www.amazon.com/dp/B07498ZT6K?tag=eloabder-20&linkCode=osi&th=1&psc=1"><img src="https://m.media-amazon.com/images/I/310kUj+IP1L._SL500_.jpg" alt="Product Image"></a><p>Hemp Well Hemp Thrive Oil for Dogs and Cats – 16 Ounces of Organic Hemp Oil Supplement for Dog and Cat Health, Calming, Joint Support, ImmuneHealth, and Itchy Skin Relief</p><p>$25.90 ($1.62 / Fl Oz)</p><a href="https://www.amazon.com/dp/B07498ZT6K?tag=eloabder-20&linkCode=osi&th=1&psc=1">View Product</a></div><div class="product"><a href="https://www.amazon.com/dp/B09RX31T8Z?tag=eloabder-20&linkCode=osi&th=1&psc=1"><img src="https://m.media-amazon.com/images/I/41Huq-Gip0L._SL500_.jpg" alt="Product Image"></a><p>Turkey Tail Pet Support - Dog Multivitamins and Supplements for Immune Support, Gut Health & Wellness - Grain-Free, Gluten-Free, Vet-Approved Dog Supplement (90ct)</p><p>$23.95 ($0.27 / Count)</p><a href="https://www.amazon.com/dp/B09RX31T8Z?tag=eloabder-20&linkCode=osi&th=1&psc=1">View Product</a></div><div class="product"><a href="https://www.amazon.com/dp/B09FR3KFYP?tag=eloabder-20&linkCode=osi&th=1&psc=1"><img src="https://m.media-amazon.com/images/I/51v0CdmWq5L._SL500_.jpg" alt="Product Image"></a><p>Well Loved Glucosamine for Dogs - Joint Supplement for Dogs, Made in USA, Vet Developed, Dog Joint Supplement, Glucosamine Chondroitin for Dogs, Advanced Hip and Joint Chews with MSM, Pain Relief, 120</p><p>$23.99 ($0.20 / Count)</p><a href="https://www.amazon.com/dp/B09FR3KFYP?tag=eloabder-20&linkCode=osi&th=1&psc=1">View Product</a></div><div class="product"><a href="https://www.amazon.com/dp/B09H3RBXKS?tag=eloabder-20&linkCode=osi&th=1&psc=1"><img src="https://m.media-amazon.com/images/I/51Zm0SMzn3L._SL500_.jpg" alt="Product Image"></a><p>Well Loved Probiotics for Dogs, Dog Probiotics and Digestive Enzymes, Made in USA, Vet Developed, Dog Probiotic Chews with Prebiotics, Diarrhea Treatment, for Itchy Skin, Gut Health & Gas Relief</p><p>$27.99 ($0.23 / Count)</p><a href="https://www.amazon.com/dp/B09H3RBXKS?tag=eloabder-20&linkCode=osi&th=1&psc=1">View Product</a></div>
<div class="product"><a href="https://www.amazon.com/dp/B09GJJLDWR?tag=eloabder-20&linkCode=osi&th=1&psc=1"><img src="https://m.media-amazon.com/images/I/51dYorxBpSL._SL500_.jpg" alt="Product Image"></a><p>Purina Beggin' Strips Dog Treats, Original With Bacon Flavor - (Pack of 2) 26 oz. Pouches</p><p>$21.19 ($6.52 / lb)</p><a href="https://www.amazon.com/dp/B09GJJLDWR?tag=eloabder-20&linkCode=osi&th=1&psc=1">View Product</a></div>


<div class="product"><a href="https://www.amazon.com/dp/B0009YWKUA?tag=eloabder-20&linkCode=osi&th=1&psc=1"><img src="https://m.media-amazon.com/images/I/41DzZ0HgS7L._SL500_.jpg" alt="Product Image"></a><p>Blue Buffalo Life Protection Formula Adult Dry Dog Food, Helps Build and Maintain Strong Muscles, Made with Natural Ingredients, Chicken & Brown Rice Recipe, 30-lb. Bag</p><p>$64.98 ($2.17 / lb)</p><a href="https://www.amazon.com/dp/B0009YWKUA?tag=eloabder-20&linkCode=osi&th=1&psc=1">View Product</a></div><div class="product"><a href="https://www.amazon.com/dp/B009IOCCD2?tag=eloabder-20&linkCode=osi&th=1&psc=1"><img src="https://m.media-amazon.com/images/I/41kN4rGGnEL._SL500_.jpg" alt="Product Image"></a><p>Purina ONE Dry Dog Food Lamb and Rice Formula - 31.1 lb. Bag</p><p>$48.98 ($1.57 / lb)</p><a href="https://www.amazon.com/dp/B009IOCCD2?tag=eloabder-20&linkCode=osi&th=1&psc=1">View Product</a></div><div class="product"><a href="https://www.amazon.com/dp/B00BD741WM?tag=eloabder-20&linkCode=osi&th=1&psc=1"><img src="https://m.media-amazon.com/images/I/51DjFJxGuzL._SL500_.jpg" alt="Product Image"></a><p>IAMS Adult Minichunks Small Kibble High Protein Dry Dog Food with Real Chicken, 30 lb. Bag,(Packaging may vary)</p><p>$46.98 ($1.57 / lb)</p><a href="https://www.amazon.com/dp/B00BD741WM?tag=eloabder-20&linkCode=osi&th=1&psc=1">View Product</a></div> <div class="product"><a href="https://www.amazon.com/dp/B07KZCGXPS?tag=eloabder-20&linkCode=osi&th=1&psc=1"><img src="https://m.media-amazon.com/images/I/41f7ma8WlmL._SL500_.jpg" alt="Product Image"></a><p>Purina ONE True Instinct Tender Cuts in Gravy With Real Turkey and Venison, and With Real Chicken and Duck High Protein Wet Dog Food Variety Pack - (Pack of 12) 13 oz. Cans</p><p>$28.09 ($2.88 / lb)</p><a href="https://www.amazon.com/dp/B07KZCGXPS?tag=eloabder-20&linkCode=osi&th=1&psc=1">View Product</a></div><div class="product"><a href="https://www.amazon.com/dp/B00M0FHCN6?tag=eloabder-20&linkCode=osi&th=1&psc=1"><img src="https://m.media-amazon.com/images/I/51wLSFGMhDL._SL500_.jpg" alt="Product Image"></a><p>CESAR Adult Wet Dog Food Classic Loaf in Sauce Poultry Variety Pack,. Easy Peel Trays with Real Chicken, Turkey or Duck, 3.5 Ounce (Pack of 24)</p><p>$24.98 ($4.76 / lb)</p><a href="https://www.amazon.com/dp/B00M0FHCN6?tag=eloabder-20&linkCode=osi&th=1&psc=1">View Product</a></div>
<div class="product"><a href="https://www.amazon.com/dp/B08P2D95G8?tag=eloabder-20&linkCode=osi&th=1&psc=1"><img src="https://m.media-amazon.com/images/I/51-0PjesnPL._SL500_.jpg" alt="Product Image"></a><p>Pur Luv Dog Treats, Chicken Jerky for Dogs, Made with 100% Real Chicken Breast, 16 Ounces, Healthy, Easily Digestible, Long-Lasting, High Protein Dog Treat, Satisfies Dog's Urge to Chew</p><p>$11.54 ($0.72 / oz)</p><a href="https://www.amazon.com/dp/B08P2D95G8?tag=eloabder-20&linkCode=osi&th=1&psc=1">View Product</a></div><div class="product"><a href="https://www.amazon.com/dp/B01KZECQRK?tag=eloabder-20&linkCode=osi&th=1&psc=1"><img src="https://m.media-amazon.com/images/I/41mCSdSOW6L._SL500_.jpg" alt="Product Image"></a><p>Pet 'n Shape Chik 'n Hide Twists – Chicken Wrapped Rawhide Natural Dog Treats, Small, 16 oz</p><p>$15.99</p><a href="https://www.amazon.com/dp/B01KZECQRK?tag=eloabder-20&linkCode=osi&th=1&psc=1">View Product</a></div><div class="product"><a href="https://www.amazon.com/dp/B003PMQMK2?tag=eloabder-20&linkCode=osi&th=1&psc=1"><img src="https://m.media-amazon.com/images/I/51rKBA3bcNL._SL500_.jpg" alt="Product Image"></a><p>Milk-Bone MaroSnacks Dog Treats, Beef, 40 Ounce with Real Bone Marrow and Calcium</p><p>$11.48 ($4.59 / lb)</p><a href="https://www.amazon.com/dp/B003PMQMK2?tag=eloabder-20&linkCode=osi&th=1&psc=1">View Product</a></div><div class="product"><a href="https://www.amazon.com/dp/B07BVLGZW6?tag=eloabder-20&linkCode=osi&th=1&psc=1"><img src="https://m.media-amazon.com/images/I/51oBIB2I7HL._SL500_.jpg" alt="Product Image"></a><p>Good'N'Fun P-94130 Triple Flavor Wings Dog Chews, One Size</p><p>$11.65 ($0.97 / oz)</p><a href="https://www.amazon.com/dp/B07BVLGZW6?tag=eloabder-20&linkCode=osi&th=1&psc=1">View Product</a></div><div class="product"><a href="https://www.amazon.com/dp/B003P9XG68?tag=eloabder-20&linkCode=osi&th=1&psc=1"><img src="https://m.media-amazon.com/images/I/41ytS3hkBnL._SL500_.jpg" alt="Product Image"></a><p>Blue Buffalo Health Bars Natural Crunchy Dog Treats Biscuits, Pumpkin & Cinnamon 16-oz Bag</p><p>$4.98 ($0.31 / oz)</p><a href="https://www.amazon.com/dp/B003P9XG68?tag=eloabder-20&linkCode=osi&th=1&psc=1">View Product</a></div><div class="product"><a href="https://www.amazon.com/dp/B0BWBTWXN3?tag=eloabder-20&linkCode=osi&th=1&psc=1"><img src="https://m.media-amazon.com/images/I/31+dzCcvlGL._SL500_.jpg" alt="Product Image"></a><p>Vital Essentials Freeze Dried Raw Single Ingredient Dog Treats, Chicken Hearts, 1.9 oz</p><p>$9.49 ($4.99 / oz)</p><a href="https://www.amazon.com/dp/B0BWBTWXN3?tag=eloabder-20&linkCode=osi&th=1&psc=1">View Product</a></div><div class="product"><a href="https://www.amazon.com/dp/B01C47NRJC?tag=eloabder-20&linkCode=osi&th=1&psc=1"><img src="https://m.media-amazon.com/images/I/51fs1tTjYCL._SL500_.jpg" alt="Product Image"></a><p>Purina Beggin' With Real Meat Dog Treats, Fun Size Original With Bacon Flavor - 25 oz. Pouch</p><p>$11.48 ($7.35 / lb)</p><a href="https://www.amazon.com/dp/B01C47NRJC?tag=eloabder-20&linkCode=osi&th=1&psc=1">View Product</a></div><div class="product"><a href="https://www.amazon.com/dp/B07BVL8TQF?tag=eloabder-20&linkCode=osi&th=1&psc=1"><img src="https://m.media-amazon.com/images/I/41V12A43ClL._SL500_.jpg" alt="Product Image"></a><p>Good'N'Fun Triple Flavored Rawhide Kabobs for Dogs, 1.5 Pound (Pack of 1)</p><p>$17.98 ($11.99 / lb)</p><a href="https://www.amazon.com/dp/B07BVL8TQF?tag=eloabder-20&linkCode=osi&th=1&psc=1">View Product</a></div>
<div class="product"><a href="https://www.amazon.com/dp/B00G5M75UK?tag=eloabder-20&linkCode=osi&th=1&psc=1"><img src="https://m.media-amazon.com/images/I/51eJ6OzgqGL._SL500_.jpg" alt="Product Image"></a><p>Best Pet Supplies 2-in-1 Stuffless Squeaky Dog Toys with Soft, Durable Fabric for Small, Medium, and Large Pets, No Stuffing for Indoor Play, Supports Active Biting and Play - 1Wild Duck, Small</p><p>$4.99</p><a href="https://www.amazon.com/dp/B00G5M75UK?tag=eloabder-20&linkCode=osi&th=1&psc=1">View Product</a></div><div class="product"><a href="https://www.amazon.com/dp/B0BGBHXSWH?tag=eloabder-20&linkCode=osi&th=1&psc=1"><img src="https://m.media-amazon.com/images/I/510SJqCt8qL._SL500_.jpg" alt="Product Image"></a><p>Cowjag Cat Toys, Laser Pointer with 5 Adjustable Patterns, USB Recharge Laser, Long Range and 3 Modes Training Chaser Interactive Toy, Dog Laser Toy</p><p>$9.99</p><a href="https://www.amazon.com/dp/B0BGBHXSWH?tag=eloabder-20&linkCode=osi&th=1&psc=1">View Product</a></div><div class="product"><a href="https://www.amazon.com/dp/B00CPDWT2M?tag=eloabder-20&linkCode=osi&th=1&psc=1"><img src="https://m.media-amazon.com/images/I/318fAcfhAdL._SL500_.jpg" alt="Product Image"></a><p>Benebone Wishbone Durable Dog Chew Toy for Aggressive Chewers, Real Bacon, Made in USA, Medium</p><p>$9.74</p><a href="https://www.amazon.com/dp/B00CPDWT2M?tag=eloabder-20&linkCode=osi&th=1&psc=1">View Product</a></div>



<div class="product"><a href="https://www.amazon.com/dp/B00BUFYFKK?tag=eloabder-20&linkCode=osi&th=1&psc=1"><img src="https://m.media-amazon.com/images/I/51kfe3GnT3L._SL500_.jpg" alt="Product Image"></a><p>Hartz UltraGuard Purple Flea & Tick Collar for Cats and Kittens - 7 Month Protection</p><p>$3.58</p><a href="https://www.amazon.com/dp/B00BUFYFKK?tag=eloabder-20&linkCode=osi&th=1&psc=1">View Product</a></div>


<div class="product"><a href="https://www.amazon.com/dp/B005CUTWDE?tag=eloabder-20&linkCode=osi&th=1&psc=1"><img src="https://m.media-amazon.com/images/I/41j4IEfx6wL._SL500_.jpg" alt="Product Image"></a><p>Wahl USA Dry Skin & Itch Relief Pet Shampoo for Dogs – Oatmeal Formula with Coconut Lime Verbena & Pet Friendly Formula, 24 Oz - Model 820004A</p><p>$8.97</p><a href="https://www.amazon.com/dp/B005CUTWDE?tag=eloabder-20&linkCode=osi&th=1&psc=1">View Product</a></div><div class="product"><a href="https://www.amazon.com/dp/B005CUTW8O?tag=eloabder-20&linkCode=osi&th=1&psc=1"><img src="https://m.media-amazon.com/images/I/415nQL+xAbL._SL500_.jpg" alt="Product Image"></a><p>Wahl USA 4-in-1 Calming Pet Shampoo for Dogs – Cleans, Conditions, Detangles, & Moisturizes with Lavender Chamomile - Pet Friendly Formula - 24 Oz - Model 820000A</p><p>$8.48</p><a href="https://www.amazon.com/dp/B005CUTW8O?tag=eloabder-20&linkCode=osi&th=1&psc=1">View Product</a></div><div class="product"><a href="https://www.amazon.com/dp/B08ZJYBN9Y?tag=eloabder-20&linkCode=osi&th=1&psc=1"><img src="https://m.media-amazon.com/images/I/31KdutxWCzL._SL500_.jpg" alt="Product Image"></a><p>OUAI Fur Bébé Pet Shampoo, Mercer Street Scent - Dog Shampoo and Coat Wash for Hydrating, Cleansing and Adding Shine to Pet Hair - Pet Supplies by OUAI (16 Fl Oz)</p><p>$32.00</p><a href="https://www.amazon.com/dp/B08ZJYBN9Y?tag=eloabder-20&linkCode=osi&th=1&psc=1">View Product</a></div><div class="product"><a href="https://www.amazon.com/dp/B07RVD63J1?tag=eloabder-20&linkCode=osi&th=1&psc=1"><img src="https://m.media-amazon.com/images/I/31f8QK2qe2L._SL500_.jpg" alt="Product Image"></a><p>Arm & Hammer Super Deodorizing Shampoo For Dogs - Odor Eliminating Dog Shampoo For Smelly Dogs & Puppies With Arm & Hammer Baking Soda -- Kiwi Blossom Scent, 20 Fl Oz,White</p><p>$4.98</p><a href="https://www.amazon.com/dp/B07RVD63J1?tag=eloabder-20&linkCode=osi&th=1&psc=1">View Product</a></div><div class="product"><a href="https://www.amazon.com/dp/B079T44C3J?tag=eloabder-20&linkCode=osi&th=1&psc=1"><img src="https://m.media-amazon.com/images/I/41aKOigtAPL._SL500_.jpg" alt="Product Image"></a><p>Wahl USA Dry Skin & Itch Relief Pet Shampoo for Dogs – Oatmeal Formula with Coconut Lime Verbena - 64 Oz - Model 821004-050</p><p>$19.99</p><a href="https://www.amazon.com/dp/B079T44C3J?tag=eloabder-20&linkCode=osi&th=1&psc=1">View Product</a></div><div class="product"><a href="https://www.amazon.com/dp/B0791LY9MW?tag=eloabder-20&linkCode=osi&th=1&psc=1"><img src="https://m.media-amazon.com/images/I/41evpDHPYpL._SL500_.jpg" alt="Product Image"></a><p>Pawfume Dog Shampoo and Conditioner – Hypoallergenic Dog Shampoo for Smelly Dogs – Best Dog Shampoos & Conditioners – Probiotic Pet Shampoo for Dogs – Best Dog Shampoo for Puppies (Show Dog)</p><p>$12.99 ($1.08 / Fl Oz)</p><a href="https://www.amazon.com/dp/B0791LY9MW?tag=eloabder-20&linkCode=osi&th=1&psc=1">View Product</a></div><div class="product"><a href="https://www.amazon.com/dp/B018FGSTT4?tag=eloabder-20&linkCode=osi&th=1&psc=1"><img src="https://m.media-amazon.com/images/I/41879dA1aHL._SL500_.jpg" alt="Product Image"></a><p>Oatmeal Dog Shampoo & Conditioner 17oz [USA] 5 in 1 Plant-Based Organic Sulfate-Free Soap-Free-Tearless Moisturizer for Dandruff Allergies & Itchy Dry Sensitive Skin-Puppy Grooming [Pro Pet Works]</p><p>$16.99</p><a href="https://www.amazon.com/dp/B018FGSTT4?tag=eloabder-20&linkCode=osi&th=1&psc=1">View Product</a></div><div class="product"><a href="https://www.amazon.com/dp/B002GPD8BU?tag=eloabder-20&linkCode=osi&th=1&psc=1"><img src="https://m.media-amazon.com/images/I/41ctLsjd+hL._SL500_.jpg" alt="Product Image"></a><p>TropiClean 2-in-1 Papaya & Coconut Dog Shampoo and Conditioner | Natural Pet Shampoo Derived from Natural Ingredients | Cat Friendly | Made in the USA | 20 oz.</p><p>$14.99</p><a href="https://www.amazon.com/dp/B002GPD8BU?tag=eloabder-20&linkCode=osi&th=1&psc=1">View Product</a></div><div class="product"><a href="https://www.amazon.com/dp/B07K6JSBRB?tag=eloabder-20&linkCode=osi&th=1&psc=1"><img src="https://m.media-amazon.com/images/I/41kU4IxjB1L._SL500_.jpg" alt="Product Image"></a><p>Pet Honesty Chlorhexidine Cat & Dog Anti-itch Shampoo, for Allergies, Itching, Dog Skin and Coat Supplement, Helps Shedding, Hot Spots, Deodorizing Dog Shampoo, Dog Grooming Supplies,16oz</p><p>$20.99</p><a href="https://www.amazon.com/dp/B07K6JSBRB?tag=eloabder-20&linkCode=osi&th=1&psc=1">View Product</a></div>
<div class="product"><a href="https://www.amazon.com/dp/B002CZR9QY?tag=eloabder-20&linkCode=osi&th=1&psc=1"><img src="https://m.media-amazon.com/images/I/31SypTuKXPL._SL500_.jpg" alt="Product Image"></a><p>Veterinary Formula Smart Coat Complex Ultra Oatmeal Moisturizing Conditioner for Dogs, 17 Fl oz – with Colloidal Oatmeal & Jojoba – Leaves Coat Soft, Shiny, Hydrated, Strong, with Long-Lasting Scent</p><p>$9.99</p><a href="https://www.amazon.com/dp/B002CZR9QY?tag=eloabder-20&linkCode=osi&th=1&psc=1">View Product</a></div><div class="product"><a href="https://www.amazon.com/dp/B00CVTROQ6?tag=eloabder-20&linkCode=osi&th=1&psc=1"><img src="https://m.media-amazon.com/images/I/41aR-yjG0JL._SL500_.jpg" alt="Product Image"></a><p>Burt's Bees for Pets Naturally Derived Oatmeal Conditioner with Colloidal Oat Flour & Honey - Dog Oatmeal Shampoo - Cruelty Free, Made in the USA - 10 Oz</p><p>$7.98</p><a href="https://www.amazon.com/dp/B00CVTROQ6?tag=eloabder-20&linkCode=osi&th=1&psc=1">View Product</a></div><div class="product"><a href="https://www.amazon.com/dp/B002GPEMCE?tag=eloabder-20&linkCode=osi&th=1&psc=1"><img src="https://m.media-amazon.com/images/I/41aROtv96VL._SL500_.jpg" alt="Product Image"></a><p>TropiClean Kiwi & Coco Butter Moisturizing Dog Conditioner | Natural Pet Conditioner Derived from Natural Ingredients | Cat Friendly | Made in the USA | 20 oz.</p><p>$14.99</p><a href="https://www.amazon.com/dp/B002GPEMCE?tag=eloabder-20&linkCode=osi&th=1&psc=1">View Product</a></div><div class="product"><a href="https://www.amazon.com/dp/B0733Q6FZS?tag=eloabder-20&linkCode=osi&th=1&psc=1"><img src="https://m.media-amazon.com/images/I/41UVp4A19EL._SL500_.jpg" alt="Product Image"></a><p>earthbath, Oatmeal & Aloe Dog Shampoo and Conditioner - Oatmeal Shampoo for Dogs, Itchy, Dry Skin Relief, Dog Wash, Made in USA, Dog Conditioner, Pet Shampoos - Vanilla & Almond, 16 Oz (1 Set)</p><p>$29.50</p><a href="https://www.amazon.com/dp/B0733Q6FZS?tag=eloabder-20&linkCode=osi&th=1&psc=1">View Product</a></div><div class="product"><a href="https://www.amazon.com/dp/B00LNEDFVS?tag=eloabder-20&linkCode=osi&th=1&psc=1"><img src="https://m.media-amazon.com/images/I/31wJ3gR-zkL._SL500_.jpg" alt="Product Image"></a><p>earthbath Oatmeal & Aloe Conditioner, Fragrance Free, 16 oz – Dog Conditioner for Allergies and Itching, Dry Skin – Made in USA</p><p>$17.31</p><a href="https://www.amazon.com/dp/B00LNEDFVS?tag=eloabder-20&linkCode=osi&th=1&psc=1">View Product</a></div><div class="product"><a href="https://www.amazon.com/dp/B088S8XKJN?tag=eloabder-20&linkCode=osi&th=1&psc=1"><img src="https://m.media-amazon.com/images/I/31PU8NG6t6L._SL500_.jpg" alt="Product Image"></a><p>BioSilk for Dogs Silk Therapy Detangling Conditioner | Sulfate and Paraben Free Matted Hair Dog Detangler Conditioner for All Adult Dogs, 12 Fl Oz Made in The USA,Beige</p><p>$9.99</p><a href="https://www.amazon.com/dp/B088S8XKJN?tag=eloabder-20&linkCode=osi&th=1&psc=1">View Product</a></div><div class="product"><a href="https://www.amazon.com/dp/B08P4T75LL?tag=eloabder-20&linkCode=osi&th=1&psc=1"><img src="https://m.media-amazon.com/images/I/31rhZnbNzgL._SL500_.jpg" alt="Product Image"></a><p>PET Head Sensitive Soul Conditioner for Dogs with Sensitive Skin 8.4 fl. oz. Coconut Scent. Hypoallergenic and Soothing, Natural Ingredients and Vegan. Gentle Formula for Puppies. Made in USA</p><p>$15.99</p><a href="https://www.amazon.com/dp/B08P4T75LL?tag=eloabder-20&linkCode=osi&th=1&psc=1">View Product</a></div>

<div class="product"><a href="https://www.amazon.com/dp/B07SHGK4M5?tag=eloabder-20&linkCode=osi&th=1&psc=1"><img src="https://m.media-amazon.com/images/I/5130vs0twCL._SL500_.jpg" alt="Product Image"></a><p>GNAWRISHING Flea Comb 4Pcs with High Strength Teeth Pet Tear Stain Remover Combs, Pet Dog Cat Grooming Comb Set Effective Float Hair Remover</p><p>$5.98</p><a href="https://www.amazon.com/dp/B07SHGK4M5?tag=eloabder-20&linkCode=osi&th=1&psc=1">View Product</a></div>
<div class="product"><a href="https://www.amazon.com/dp/B09V5PDTSD?tag=eloabder-20&linkCode=osi&th=1&psc=1"><img src="https://m.media-amazon.com/images/I/514U8rhVWcL._SL500_.jpg" alt="Product Image"></a><p>iToleeve LED Dog Nail Clipper with Light, Illuminates Nails or Bloodline for Safe and Easy Trimmers, Extra Sharp for Thick nails, Quick Sensor, Avoid Over Cutting Toenail, for Cats & Dogs</p><p>$20.99 ($20.99 / Count)</p><a href="https://www.amazon.com/dp/B09V5PDTSD?tag=eloabder-20&linkCode=osi&th=1&psc=1">View Product</a></div>


<div class="product"><a href="https://www.amazon.com/dp/B000FEF10A?tag=eloabder-20&linkCode=osi&th=1&psc=1"><img src="https://m.media-amazon.com/images/I/5133i0iTHGL._SL500_.jpg" alt="Product Image"></a><p>PetSafe ScoopFree Crystal Cat Litter Tray Refills – Fresh Scent, 3-Pack – Disposable Tray – includes Leak Protection & Low Tracking Litter – Absorbs Odors On Contact</p><p>$69.95 ($23.32 / Count)</p><a href="https://www.amazon.com/dp/B000FEF10A?tag=eloabder-20&linkCode=osi&th=1&psc=1">View Product</a></div>
<div class="product"><a href="https://www.amazon.com/dp/B0009X0QSY?tag=eloabder-20&linkCode=osi&th=1&psc=1"><img src="https://m.media-amazon.com/images/I/41OLN2UTAyL._SL500_.jpg" alt="Product Image"></a><p>Dr. Elsey's Premium Clumping Cat Litter - Ultra - 99.9% Dust-Free, Low Tracking, Hard Clumping, Superior Odor Control, Unscented & Natural Ingredients</p><p>$11.68 ($0.04 / Fl Oz)</p><a href="https://www.amazon.com/dp/B0009X0QSY?tag=eloabder-20&linkCode=osi&th=1&psc=1">View Product</a></div><div class="product"><a href="https://www.amazon.com/dp/B089PM6FRC?tag=eloabder-20&linkCode=osi&th=1&psc=1"><img src="https://m.media-amazon.com/images/I/51sRjfsJXvL._SL500_.jpg" alt="Product Image"></a><p>Fresh Step Clumping Cat Litter, With Gain, Advanced, Extra Large, 37 Pounds total (2 Pack of 18.5lb Boxes)</p><p>$33.59 ($0.91 / Pound)</p><a href="https://www.amazon.com/dp/B089PM6FRC?tag=eloabder-20&linkCode=osi&th=1&psc=1">View Product</a></div><div class="product"><a href="https://www.amazon.com/dp/B09F8NLGCD?tag=eloabder-20&linkCode=osi&th=1&psc=1"><img src="https://m.media-amazon.com/images/I/51cCqZZ0EEL._SL500_.jpg" alt="Product Image"></a><p>Arm & Hammer Forever Fresh Clumping Cat Litter Lavender, MultiCat 18lb With 20% More Lavender Freshness, Pet Friendly With Essential Oils</p><p>$15.99 ($0.06 / Ounce)</p><a href="https://www.amazon.com/dp/B09F8NLGCD?tag=eloabder-20&linkCode=osi&th=1&psc=1">View Product</a></div><div class="product"><a href="https://www.amazon.com/dp/B0747RSKTG?tag=eloabder-20&linkCode=osi&th=1&psc=1"><img src="https://m.media-amazon.com/images/I/51WdM9v40+L._SL500_.jpg" alt="Product Image"></a><p>Fresh Step Clumping Cat Litter, Extreme, Long Lasting Odor Control Kitty Litter with Activated Charcoal, Low Dust Formula, 14 lb</p><p>$11.39 ($0.05 / Ounce)</p><a href="https://www.amazon.com/dp/B0747RSKTG?tag=eloabder-20&linkCode=osi&th=1&psc=1">View Product</a></div><div class="product"><a href="https://www.amazon.com/dp/B0CGJGDW2V?tag=eloabder-20&linkCode=osi&th=1&psc=1"><img src="https://m.media-amazon.com/images/I/41o5EN96UkL._SL500_.jpg" alt="Product Image"></a><p>Purina Tidy Cats Clumping Cat Litter, 24/7 Performance Multi Cat Litter - 38 lb. Box</p><p>$25.99 ($0.68 / Pound)</p><a href="https://www.amazon.com/dp/B0CGJGDW2V?tag=eloabder-20&linkCode=osi&th=1&psc=1">View Product</a></div><div class="product"><a href="https://www.amazon.com/dp/B01C600O0W?tag=eloabder-20&linkCode=osi&th=1&psc=1"><img src="https://m.media-amazon.com/images/I/41eEC1OOS+L._SL500_.jpg" alt="Product Image"></a><p>Cat's Pride Premium Lightweight Multi-Cat Clumping Litter 10 Pounds</p><p>$11.49 ($1.15 / Pound)</p><a href="https://www.amazon.com/dp/B01C600O0W?tag=eloabder-20&linkCode=osi&th=1&psc=1">View Product</a></div><div class="product"><a href="https://www.amazon.com/dp/B07ZK3DZB3?tag=eloabder-20&linkCode=osi&th=1&psc=1"><img src="https://m.media-amazon.com/images/I/513ldUaCuNL._SL500_.jpg" alt="Product Image"></a><p>Fresh Step Clean Paws Cat Litter With Febreze Freshness, Advanced Multi-Cat Low-Tracking Clumping Litter With Guaranteed Odor Control, 37 lbs. (2 x 18.5 lb. Box)</p><p>$32.64 ($0.06 / Ounce)</p><a href="https://www.amazon.com/dp/B07ZK3DZB3?tag=eloabder-20&linkCode=osi&th=1&psc=1">View Product</a></div><div class="product"><a href="https://www.amazon.com/dp/B089LLHMQL?tag=eloabder-20&linkCode=osi&th=1&psc=1"><img src="https://m.media-amazon.com/images/I/51ianIzBe3L._SL500_.jpg" alt="Product Image"></a><p>Arm Hammer SLIDE Platinum Multi-Cat Easy Clean-Up Clumping Cat Litter, 14 Days of Odor Control 18 lb</p><p>$17.99 ($0.06 / Fl Oz)</p><a href="https://www.amazon.com/dp/B089LLHMQL?tag=eloabder-20&linkCode=osi&th=1&psc=1">View Product</a></div><div class="product"><a href="https://www.amazon.com/dp/B07KYLF5S8?tag=eloabder-20&linkCode=osi&th=1&psc=1"><img src="https://m.media-amazon.com/images/I/41KBVnWxCOL._SL500_.jpg" alt="Product Image"></a><p>Purina Tidy Cats Low Dust, Multi Cat, Clumping Cat Litter, LightWeight Glade Clear Springs - 17 lb. Box</p><p>$25.48 ($1.50 / Pound)</p><a href="https://www.amazon.com/dp/B07KYLF5S8?tag=eloabder-20&linkCode=osi&th=1&psc=1">View Product</a></div><div class="product"><a href="https://www.amazon.com/dp/B0CGJG25PV?tag=eloabder-20&linkCode=osi&th=1&psc=1"><img src="https://m.media-amazon.com/images/I/41gda-SlYBL._SL500_.jpg" alt="Product Image"></a><p>Purina Tidy Cats Clumping Cat Litter, Free & Clean Unscented Multi Cat Litter - 38 lb. Box</p><p>$25.99 ($0.68 / Pound)</p><a href="https://www.amazon.com/dp/B0CGJG25PV?tag=eloabder-20&linkCode=osi&th=1&psc=1">View Product</a></div>
<div class="product"><a href="https://www.amazon.com/dp/B00CKFL93K?tag=eloabder-20&linkCode=osi&th=1&psc=1"><img src="https://m.media-amazon.com/images/I/31c8jppuJ5L._SL500_.jpg" alt="Product Image"></a><p>Rocco & Roxie Supply Co. Stain & Odor Eliminator for Strong Odor, 32oz Enzyme Pet Odor Eliminator for Home, Carpet Stain Remover for Cats & Dog Pee, Enzymatic Cat Urine Destroyer, Carpet Cleaner Spray</p><p>$19.31 ($0.60 / Fl Oz)</p><a href="https://www.amazon.com/dp/B00CKFL93K?tag=eloabder-20&linkCode=osi&th=1&psc=1">View Product</a></div><div class="product"><a href="https://www.amazon.com/dp/B07N316V8C?tag=eloabder-20&linkCode=osi&th=1&psc=1"><img src="https://m.media-amazon.com/images/I/410LzSMA7ZL._SL500_.jpg" alt="Product Image"></a><p>ANGRY ORANGE Pet Odor Eliminator for Strong Odor - Citrus Deodorizer for Strong Dog or Cat Pee Smells on Carpet, Furniture & Indoor Outdoor Floors - 24 Fluid Ounces - Puppy Supplies</p><p>$17.96 ($0.75 / Fl Oz)</p><a href="https://www.amazon.com/dp/B07N316V8C?tag=eloabder-20&linkCode=osi&th=1&psc=1">View Product</a></div><div class="product"><a href="https://www.amazon.com/dp/B071W6CQ7S?tag=eloabder-20&linkCode=osi&th=1&psc=1"><img src="https://m.media-amazon.com/images/I/41aQu1qdnxL._SL500_.jpg" alt="Product Image"></a><p>Nature's Miracle Dog Stain and Odor Remover, Everyday Mess Enzymatic Formula, 32 fl oz</p><p>$10.75 ($0.34 / Fl Oz)</p><a href="https://www.amazon.com/dp/B071W6CQ7S?tag=eloabder-20&linkCode=osi&th=1&psc=1">View Product</a></div><div class="product"><a href="https://www.amazon.com/dp/B0002I9OA2?tag=eloabder-20&linkCode=osi&th=1&psc=1"><img src="https://m.media-amazon.com/images/I/419sDvOH7lL._SL500_.jpg" alt="Product Image"></a><p>Simple Solution Extreme Pet Stain And Odor Remover, Enzymatic Cleaner With 3X Pro-Bacteria Cleaning Power, 32 Ounces</p><p>$7.33 ($0.23 / Fl Oz)</p><a href="https://www.amazon.com/dp/B0002I9OA2?tag=eloabder-20&linkCode=osi&th=1&psc=1">View Product</a></div><div class="product"><a href="https://www.amazon.com/dp/B09PF4KVHJ?tag=eloabder-20&linkCode=osi&th=1&psc=1"><img src="https://m.media-amazon.com/images/I/41OIqwdZJEL._SL500_.jpg" alt="Product Image"></a><p>Pooph Pet Odor Eliminator, 32oz Spray - Dismantles Odors on a Molecular Basis, Dogs, Cats, Freshener, Urine, Poop, Pee, Deodorizer, Natures, Puppy, Fresh, Clean, Furniture, Potty, Safe</p><p>$23.97 ($0.75 / Fl Oz)</p><a href="https://www.amazon.com/dp/B09PF4KVHJ?tag=eloabder-20&linkCode=osi&th=1&psc=1">View Product</a></div><div class="product"><a href="https://www.amazon.com/dp/B07D562VQ6?tag=eloabder-20&linkCode=osi&th=1&psc=1"><img src="https://m.media-amazon.com/images/I/41lrBOT19ZL._SL500_.jpg" alt="Product Image"></a><p>OxiClean® Carpet Pet Stain Remover 24oz</p><p>$4.98 ($0.21 / Fl Oz)</p><a href="https://www.amazon.com/dp/B07D562VQ6?tag=eloabder-20&linkCode=osi&th=1&psc=1">View Product</a></div><div class="product"><a href="https://www.amazon.com/dp/B00VCFZNIG?tag=eloabder-20&linkCode=osi&th=1&psc=1"><img src="https://m.media-amazon.com/images/I/31bD2UzyMcL._SL500_.jpg" alt="Product Image"></a><p>FurryFreshness Extra Strength Cat or Dog Pee Stain & Permanent Odor Remover + Smell Eliminator -Removes Stains from Pets & Kids Including Urine or Blood- Lifts Old Carpet Stains- 32oz Spray</p><p>$34.77</p><a href="https://www.amazon.com/dp/B00VCFZNIG?tag=eloabder-20&linkCode=osi&th=1&psc=1">View Product</a></div><div class="product"><a href="https://www.amazon.com/dp/B08GRW1BHM?tag=eloabder-20&linkCode=osi&th=1&psc=1"><img src="https://m.media-amazon.com/images/I/41imnLVemYL._SL500_.jpg" alt="Product Image"></a><p>KIDS 'N' PETS - Instant All-Purpose Stain & Odor Remover – 27 fl oz - Permanently Eliminates Tough Stains & Odors – Even Urine Odors - No Harsh Chemicals, Non-Toxic & Child Safe, Multi-Color</p><p>$5.58 ($0.21 / Fl Oz)</p><a href="https://www.amazon.com/dp/B08GRW1BHM?tag=eloabder-20&linkCode=osi&th=1&psc=1">View Product</a></div><div class="product"><a href="https://www.amazon.com/dp/B07FKKP72W?tag=eloabder-20&linkCode=osi&th=1&psc=1"><img src="https://m.media-amazon.com/images/I/41hvau8dzAL._SL500_.jpg" alt="Product Image"></a><p>Resolve Ultra Pet Odor and Stain Remover Spray, Carpet Cleaner, 32oz (Pack of 1)</p><p>$9.46 ($0.30 / Ounce)</p><a href="https://www.amazon.com/dp/B07FKKP72W?tag=eloabder-20&linkCode=osi&th=1&psc=1">View Product</a></div><div class="product"><a href="https://www.amazon.com/dp/B0723HRWJW?tag=eloabder-20&linkCode=osi&th=1&psc=1"><img src="https://m.media-amazon.com/images/I/41IpJB8NAiL._SL500_.jpg" alt="Product Image"></a><p>Nature's Miracle Advanced Dog Stain and Odor Eliminator Spray, Severe Mess Enzymatic Formula, 32 fl oz</p><p>$13.55 ($0.42 / Fl Oz)</p><a href="https://www.amazon.com/dp/B0723HRWJW?tag=eloabder-20&linkCode=osi&th=1&psc=1">View Product</a></div>

<div class="product"><a href="https://www.amazon.com/dp/B00MW8G3YU?tag=eloabder-20&linkCode=osi&th=1&psc=1"><img src="https://m.media-amazon.com/images/I/31KsVrUeevL._SL500_.jpg" alt="Product Image"></a><p>Amazon Basics Dog and Puppy Pee Pads with 5-Layer Leak-Proof Design and Quick-Dry Surface for Potty Training, Standard Absorbency, Regular Size, 22 x 22 Inch - Pack of 50, Blue & White</p><p>$11.85 ($0.24 / Count)</p><a href="https://www.amazon.com/dp/B00MW8G3YU?tag=eloabder-20&linkCode=osi&th=1&psc=1">View Product</a></div><div class="product"><a href="https://www.amazon.com/dp/B0CXM4NGZG?tag=eloabder-20&linkCode=osi&th=1&psc=1"><img src="https://m.media-amazon.com/images/I/41bxvVfBFkL._SL500_.jpg" alt="Product Image"></a><p>Dog Ear Cleaner Finger Wipes，Premium Ear Finger Wipes for Dogs Cats 50 Pcs Reduce Earwax Buildup Sooths Deodorizes Relieve Ear Itching Inflammation, Fresh Coconut Scent, Natural Ingredients (100 Pcs)</p><p>$12.34</p><a href="https://www.amazon.com/dp/B0CXM4NGZG?tag=eloabder-20&linkCode=osi&th=1&psc=1">View Product</a></div>













<div class="product"><a href="https://www.amazon.com/dp/B00PQ5UH0C?tag=eloabder-20&linkCode=osi&th=1&psc=1"><img src="https://m.media-amazon.com/images/I/51mFFpJO-aL._SL500_.jpg" alt="Product Image"></a><p>Wobble Wag Giggle Ball, Interactive Dog Toy, Fun Giggle Sounds When Rolled or Shaken, Pets Know Best, As Seen On TV</p><p>$14.99</p><a href="https://www.amazon.com/dp/B00PQ5UH0C?tag=eloabder-20&linkCode=osi&th=1&psc=1">View Product</a></div><div class="product"><a href="https://www.amazon.com/dp/B0054C9B1I?tag=eloabder-20&linkCode=osi&th=1&psc=1"><img src="https://m.media-amazon.com/images/I/51ubAM+J5DL._SL500_.jpg" alt="Product Image"></a><p>Hyper Pet Doggie Tail Interactive Plush Dog Toys (Wiggles, Vibrates, and Barks, Stimulating Play)</p><p>$16.77</p><a href="https://www.amazon.com/dp/B0054C9B1I?tag=eloabder-20&linkCode=osi&th=1&psc=1">View Product</a></div>






<div class="product"><a href="https://www.amazon.com/dp/B00JZHRYFI?tag=eloabder-20&linkCode=osi&th=1&psc=1"><img src="https://m.media-amazon.com/images/I/41xHqz3QFML._SL500_.jpg" alt="Product Image"></a><p>PetSafe Happy Ride Metal Dog Barrier - Adjusts to Fit Your Vehicle - Keeps Pets Off Passenger Seats - Sturdy Construction</p><p>$55.21</p><a href="https://www.amazon.com/dp/B00JZHRYFI?tag=eloabder-20&linkCode=osi&th=1&psc=1">View Product</a></div>

<div class="product"><a href="https://www.amazon.com/dp/B0CVXNKVWC?tag=eloabder-20&linkCode=osi&th=1&psc=1"><img src="https://m.media-amazon.com/images/I/41dsqiNkA+L._SL500_.jpg" alt="Product Image"></a><p>Jazzy Fuzzy Pet Heating Pad, 6 Adjustable Temperature Dog Cat Heating Pad with Timer, Waterproof Heating Pad Indoor for Dogs with Chew Resistant Cord (S:18" x 16")</p><p>$29.66</p><a href="https://www.amazon.com/dp/B0CVXNKVWC?tag=eloabder-20&linkCode=osi&th=1&psc=1">View Product</a></div>
<div class="product"><a href="https://www.amazon.com/dp/B0BPQRR1PN?tag=eloabder-20&linkCode=osi&th=1&psc=1"><img src="https://m.media-amazon.com/images/I/41Ppxz4+IFL._SL500_.jpg" alt="Product Image"></a><p>Newday Dog Toothbrush Set of 8 - Dual Headed, Dental Hygiene Convenient Soft Toothbrush to Clean pet Teeth, Dog Tooth Brushes for Small to Large Dogs, Cats, and Most Pets, Teeth Brush in Bulk</p><p>$6.99 ($0.87 / Count)</p><a href="https://www.amazon.com/dp/B0BPQRR1PN?tag=eloabder-20&linkCode=osi&th=1&psc=1">View Product</a></div><div class="product"><a href="https://www.amazon.com/dp/B0BRMQHYTW?tag=eloabder-20&linkCode=osi&th=1&psc=1"><img src="https://m.media-amazon.com/images/I/41hDIKxNIUL._SL500_.jpg" alt="Product Image"></a><p>HICC PET Teeth Cleaning Wipes for Dogs & Cats, Remove Bad Breath by Removing Plaque and Tartar Buildup No-Rinse Dog Finger Toothbrush, Disposable Gentle Cleaning & Gum Care Pet Wipes, 50 Counts</p><p>$15.99</p><a href="https://www.amazon.com/dp/B0BRMQHYTW?tag=eloabder-20&linkCode=osi&th=1&psc=1">View Product</a></div><div class="product"><a href="https://www.amazon.com/dp/B098PF4NPQ?tag=eloabder-20&linkCode=osi&th=1&psc=1"><img src="https://m.media-amazon.com/images/I/51J4B-P+q5L._SL500_.jpg" alt="Product Image"></a><p>Jasper Dog Toothbrush, 360º Dog Tooth Brushing Kit, Cat Toothbrush, Dog Teeth Cleaning, Dog Finger Toothbrush, Dog Tooth Brush for Small & Large Pets, Dog Toothpaste Not Included - Blue 2-Pack</p><p>$13.99 ($7.00 / Count)</p><a href="https://www.amazon.com/dp/B098PF4NPQ?tag=eloabder-20&linkCode=osi&th=1&psc=1">View Product</a></div><div class="product"><a href="https://www.amazon.com/dp/B08B7238H5?tag=eloabder-20&linkCode=osi&th=1&psc=1"><img src="https://m.media-amazon.com/images/I/41TrsZlWCuL._SL500_.jpg" alt="Product Image"></a><p>Pet Toothbrush for Dogs, Cats with Soft Bristles - Easy Teeth Cleaning & Dental Care, Non Slip Dual Head Dog Toothbrush</p><p>$6.79</p><a href="https://www.amazon.com/dp/B08B7238H5?tag=eloabder-20&linkCode=osi&th=1&psc=1">View Product</a></div><div class="product"><a href="https://www.amazon.com/dp/B0C3M7TD8R?tag=eloabder-20&linkCode=osi&th=1&psc=1"><img src="https://m.media-amazon.com/images/I/51COSpzGOjL._SL500_.jpg" alt="Product Image"></a><p>VIWIK 4Pack Dog Toothbrush Dog Tooth Brushing Kit, Cat Finger Toothbrush for Dogs Small Breed, Medium Large Dogs, Puppy Toothbrush for Dog Teeth Cleaning & Dental Care, Pet Finger Toothbrush Kit</p><p>$6.49 ($1.62 / Count)</p><a href="https://www.amazon.com/dp/B0C3M7TD8R?tag=eloabder-20&linkCode=osi&th=1&psc=1">View Product</a></div><div class="product"><a href="https://www.amazon.com/dp/B00B5RFJB2?tag=eloabder-20&linkCode=osi&th=1&psc=1"><img src="https://m.media-amazon.com/images/I/414Mxf1TTTL._SL500_.jpg" alt="Product Image"></a><p>Arm & Hammer for Pets Tartar Control Kit for Dogs | Contains Toothpaste, Toothbrush & Fingerbrush | Reduces Plaque & Tartar Buildup | Safe for Puppies, 3-Piece , Beef Flavor</p><p>$7.89 ($3.16 / Ounce)</p><a href="https://www.amazon.com/dp/B00B5RFJB2?tag=eloabder-20&linkCode=osi&th=1&psc=1">View Product</a></div><div class="product"><a href="https://www.amazon.com/dp/B0BRXMC97P?tag=eloabder-20&linkCode=osi&th=1&psc=1"><img src="https://m.media-amazon.com/images/I/31EQPPcpx-L._SL500_.jpg" alt="Product Image"></a><p>JAYU PET Dental Care Brush (Soft Bristles) - Toothbrush for Cat and Small Dog with Horizontal Head & Easy Grip Handle (1)</p><p>$9.99</p><a href="https://www.amazon.com/dp/B0BRXMC97P?tag=eloabder-20&linkCode=osi&th=1&psc=1">View Product</a></div><div class="product"><a href="https://www.amazon.com/dp/B09SXPVN5D?tag=eloabder-20&linkCode=osi&th=1&psc=1"><img src="https://m.media-amazon.com/images/I/41VfEMZtHxL._SL500_.jpg" alt="Product Image"></a><p>EASYA Double Headed Pet Dog Toothbrush for Small Dogs/Soft Bristles Puppy Long Handle Tooth Brush Dogs Teeth Cleaning/Bulk Toothbrushes Dental & Oral Care… (MIXED10)</p><p>$4.99 ($4.99 / Count)</p><a href="https://www.amazon.com/dp/B09SXPVN5D?tag=eloabder-20&linkCode=osi&th=1&psc=1">View Product</a></div><div class="product"><a href="https://www.amazon.com/dp/B06XKJNFXX?tag=eloabder-20&linkCode=osi&th=1&psc=1"><img src="https://m.media-amazon.com/images/I/51tetoX-VcL._SL500_.jpg" alt="Product Image"></a><p>Vet's Best Dog Toothbrush & Enzymatic Toothpaste Kit - Teeth Cleaning - Made with Natural Ingredients - Reduces Plaque, Whitens Teeth, Freshens Breath - Bonus Care Guide & Finger Brush Included</p><p>$9.26</p><a href="https://www.amazon.com/dp/B06XKJNFXX?tag=eloabder-20&linkCode=osi&th=1&psc=1">View Product</a></div>
<div class="product"><a href="https://www.amazon.com/dp/B00RZDXA7K?tag=eloabder-20&linkCode=osi&th=1&psc=1"><img src="https://m.media-amazon.com/images/I/41gpC5xESnL._SL500_.jpg" alt="Product Image"></a><p>Virbac CET Enzymatic Toothpaste| Eliminates Bad Breath by Removing Plaque & Tartar Buildup | Best Pet Dental Care Toothpaste | Poultry Flavor, 2.5 oz tube</p><p>$11.52 ($4.61 / Ounce)</p><a href="https://www.amazon.com/dp/B00RZDXA7K?tag=eloabder-20&linkCode=osi&th=1&psc=1">View Product</a></div><div class="product"><a href="https://www.amazon.com/dp/B08QJPJNGY?tag=eloabder-20&linkCode=osi&th=1&psc=1"><img src="https://m.media-amazon.com/images/I/41AHDzkNc5L._SL500_.jpg" alt="Product Image"></a><p>Arm & Hammer Complete Care Enzymatic Dog Toothpaste, 6.2 oz - Dog Toothpaste for Puppies and Adult Dogs, Arm and Hammer Toothpaste for Dogs - Pet Toothpaste, Dog Dental Care and Clean Dog Teeth</p><p>$5.82 ($0.94 / Ounce)</p><a href="https://www.amazon.com/dp/B08QJPJNGY?tag=eloabder-20&linkCode=osi&th=1&psc=1">View Product</a></div><div class="product"><a href="https://www.amazon.com/dp/B0778GHYXP?tag=eloabder-20&linkCode=osi&th=1&psc=1"><img src="https://m.media-amazon.com/images/I/41fl3mRiRtL._SL500_.jpg" alt="Product Image"></a><p>Petsmile Professional Pet Toothpaste - Cat & Dog Teeth Cleaning Supplies - Controls Plaque, Tartar, & Bad Breath - VOHC Accepted Toothpaste - Pet Dental Care Essentials (London Broil, 2.5 Oz)</p><p>$14.99</p><a href="https://www.amazon.com/dp/B0778GHYXP?tag=eloabder-20&linkCode=osi&th=1&psc=1">View Product</a></div><div class="product"><a href="https://www.amazon.com/dp/B0002AQMZU?tag=eloabder-20&linkCode=osi&th=1&psc=1"><img src="https://m.media-amazon.com/images/I/31bv4h2hNOL._SL500_.jpg" alt="Product Image"></a><p>Vet’s Best Enzymatic Dog Toothpaste | Teeth Cleaning and Fresh Breath Dental Care Gel | Vet Formulated | 3.5 Ounces | Grape flavor</p><p>$11.48</p><a href="https://www.amazon.com/dp/B0002AQMZU?tag=eloabder-20&linkCode=osi&th=1&psc=1">View Product</a></div><div class="product"><a href="https://www.amazon.com/dp/B00025K0R6?tag=eloabder-20&linkCode=osi&th=1&psc=1"><img src="https://m.media-amazon.com/images/I/41RMHNoofoL._SL500_.jpg" alt="Product Image"></a><p>Petrodex Toothpaste for Dogs and Puppies, Cleans Teeth and Fights Bad Breath, Reduces Plaque and Tartar Formation, Enzymatic Toothpaste, Poultry Flavor, 6.2oz</p><p>$10.03 ($1.62 / Ounce)</p><a href="https://www.amazon.com/dp/B00025K0R6?tag=eloabder-20&linkCode=osi&th=1&psc=1">View Product</a></div><div class="product"><a href="https://www.amazon.com/dp/B08QJFZCDK?tag=eloabder-20&linkCode=osi&th=1&psc=1"><img src="https://m.media-amazon.com/images/I/41bOWd5qb3L._SL500_.jpg" alt="Product Image"></a><p>Arm & Hammer Complete Care Enzymatic Dog Toothpaste Value Size | 6.2 oz Peanut Butter Flavor Enzymatic Dog Toothpaste for Puppies | Great Tasting Dog Toothpaste with Arm & Hammer Baking Soda</p><p>$6.63 ($1.07 / Ounce)</p><a href="https://www.amazon.com/dp/B08QJFZCDK?tag=eloabder-20&linkCode=osi&th=1&psc=1">View Product</a></div><div class="product"><a href="https://www.amazon.com/dp/B098953TJN?tag=eloabder-20&linkCode=osi&th=1&psc=1"><img src="https://m.media-amazon.com/images/I/31EsN5mPA9S._SL500_.jpg" alt="Product Image"></a><p>Petsmile Professional Pet Tooth Brushing Kit - Cat & Dog Toothbrush & Toothpaste - Control Plaque, Tartar & Bad Breath - VOHC Accepted Toothpaste - Teeth Cleaning Supplies (London Broil, 2.5 Oz)</p><p>$25.00 ($10.00 / Ounce)</p><a href="https://www.amazon.com/dp/B098953TJN?tag=eloabder-20&linkCode=osi&th=1&psc=1">View Product</a></div><div class="product"><a href="https://www.amazon.com/dp/B01KD8725Y?tag=eloabder-20&linkCode=osi&th=1&psc=1"><img src="https://m.media-amazon.com/images/I/411faxe3KUL._SL500_.jpg" alt="Product Image"></a><p>Arm & Hammer for Pets Clinical Care Dental Enzymatic Toothpaste for Dogs | Soothes Inflamed Gums | Safe for Puppies 1 Pack Fresh Breath Vanilla Ginger</p><p>$5.99 ($2.40 / Ounce)</p><a href="https://www.amazon.com/dp/B01KD8725Y?tag=eloabder-20&linkCode=osi&th=1&psc=1">View Product</a></div><div class="product"><a href="https://www.amazon.com/dp/B08QJNMHLZ?tag=eloabder-20&linkCode=osi&th=1&psc=1"><img src="https://m.media-amazon.com/images/I/41HvsSGBm5L._SL500_.jpg" alt="Product Image"></a><p>Arm & Hammer Complete Care Dog Dental Kit | 2.5 oz Chicken Flavor Enzymatic Dog Toothpaste, Toothbrush, & Finger Brush | Baking Soda Enhanced Formula for Fresh Breath and Tartar Control</p><p>$5.82 ($2.33 / Ounce)</p><a href="https://www.amazon.com/dp/B08QJNMHLZ?tag=eloabder-20&linkCode=osi&th=1&psc=1">View Product</a></div><div class="product"><a href="https://www.amazon.com/dp/B0CPQ26CG8?tag=eloabder-20&linkCode=osi&th=1&psc=1"><img src="https://m.media-amazon.com/images/I/31gKo9WixRL._SL500_.jpg" alt="Product Image"></a><p>Remineralizing Dog Toothpaste – Vet-Grade, with Nano-Hydroxyapatite, Reverses Early-Stage Decay, Cleans Teeth, Removes Tartar, Freshens Breath by Arterra Pet Science, Plant-Based, Natural Flavor, 4oz</p><p>$19.99 ($5.00 / Ounce)</p><a href="https://www.amazon.com/dp/B0CPQ26CG8?tag=eloabder-20&linkCode=osi&th=1&psc=1">View Product</a></div>


<div class="product"><a href="https://www.amazon.com/dp/B0C58GKQR3?tag=eloabder-20&linkCode=osi&th=1&psc=1"><img src="https://m.media-amazon.com/images/I/41ntA-bHrVL._SL500_.jpg" alt="Product Image"></a><p>MySimplePetLab Dog First Aid Kit | First Aid Dog Travel Accessories | Dog Medical Kit | Dog Essentials Mini First Aid for Wounds, Cuts, or Minor Injuries</p><p>$39.99 ($39.99 / Count)</p><a href="https://www.amazon.com/dp/B0C58GKQR3?tag=eloabder-20&linkCode=osi&th=1&psc=1">View Product</a></div>
<div class="product"><a href="https://www.amazon.com/dp/B0CSPNSVXK?tag=eloabder-20&linkCode=osi&th=1&psc=1"><img src="https://m.media-amazon.com/images/I/41HxJh914vL._SL500_.jpg" alt="Product Image"></a><p>Advanced Health Monitoring Pee Pads for Dogs – Color-Changing, Leak-Proof, and Odor-Control | As Seen on Shark Tank | Genius</p><p>$24.99</p><a href="https://www.amazon.com/dp/B0CSPNSVXK?tag=eloabder-20&linkCode=osi&th=1&psc=1">View Product</a></div>








<div class="product"><a href="https://www.amazon.com/dp/B002AI39QW?tag=eloabder-20&linkCode=osi&th=1&psc=1"><img src="https://m.media-amazon.com/images/I/41vafEl3pTL._SL500_.jpg" alt="Product Image"></a><p>Epi-Pet K-9 Care Sunscreen, Paws to Tail Protection, Prevents Sunburns on Dogs and Horses, Sun Protector Spray, SPF 30+, Non-Greasy/Oily Solution – 3.5 oz</p><p>$17.95</p><a href="https://www.amazon.com/dp/B002AI39QW?tag=eloabder-20&linkCode=osi&th=1&psc=1">View Product</a></div><div class="product"><a href="https://www.amazon.com/dp/B08DDJYJJC?tag=eloabder-20&linkCode=osi&th=1&psc=1"><img src="https://m.media-amazon.com/images/I/41AGRXwbz9L._SL500_.jpg" alt="Product Image"></a><p>Bodhi Dog Sunscreen | Large 8oz SPF 30+ Moisturizing Pet Sunscreen | Safe for All Breeds of Dogs, Cats and Horses | Natural Skin Protection and Conditioner for Skin, Coat, Nose, and Ears | USA Made</p><p>$13.99 ($1.75 / Fl Oz)</p><a href="https://www.amazon.com/dp/B08DDJYJJC?tag=eloabder-20&linkCode=osi&th=1&psc=1">View Product</a></div><div class="product"><a href="https://www.amazon.com/dp/B07SB22JNX?tag=eloabder-20&linkCode=osi&th=1&psc=1"><img src="https://m.media-amazon.com/images/I/41LcLbaDSXL._SL500_.jpg" alt="Product Image"></a><p>EBPP Dog Sunscreen Sun Skin Protector Spray 8 oz - Safe for All Breeds with No Zinc Oxide - Pet Protection and Moisturizer for Skin, Coat, Nose, Ears</p><p>$18.95 ($2.37 / Fl Oz)</p><a href="https://www.amazon.com/dp/B07SB22JNX?tag=eloabder-20&linkCode=osi&th=1&psc=1">View Product</a></div><div class="product"><a href="https://www.amazon.com/dp/B08Z1WPGJX?tag=eloabder-20&linkCode=osi&th=1&psc=1"><img src="https://m.media-amazon.com/images/I/41IgTyrpxBL._SL500_.jpg" alt="Product Image"></a><p>Bodhi Dog Sunscreen | Extra Large 16.5 Ounce SPF 30+ Moisturizing Pet Safe for All Breeds of Dogs, Cats and Horses | Skin Protection and Conditioner for Skin, Coat, Nose, and Ears | USA Made</p><p>$16.99</p><a href="https://www.amazon.com/dp/B08Z1WPGJX?tag=eloabder-20&linkCode=osi&th=1&psc=1">View Product</a></div><div class="product"><a href="https://www.amazon.com/dp/B0CSTCW6WL?tag=eloabder-20&linkCode=osi&th=1&psc=1"><img src="https://m.media-amazon.com/images/I/41UbNRTz7zL._SL500_.jpg" alt="Product Image"></a><p>Pet Sunscreen Balm, 60ml, SPF 15, Moisturizing, Eco-Friendly Tin, Non-Toxic Formula for Dogs and Cats</p><p>$14.99 ($0.25 / Gram)</p><a href="https://www.amazon.com/dp/B0CSTCW6WL?tag=eloabder-20&linkCode=osi&th=1&psc=1">View Product</a></div><div class="product"><a href="https://www.amazon.com/dp/B071K355ZQ?tag=eloabder-20&linkCode=osi&th=1&psc=1"><img src="https://m.media-amazon.com/images/I/51UiYOPTELL._SL500_.jpg" alt="Product Image"></a><p>SIT. STAY. FOREVER. SAFETY FIRST PET PRODUCTS Organic Sunscreen & Moisturizer for dogs and cats, 2 oz, All Natural, Waterproof, Red Raspberry Seed, Carrot Seed and Hemp Oils, Made in MAINE</p><p>$15.99 ($8.00 / Ounce)</p><a href="https://www.amazon.com/dp/B071K355ZQ?tag=eloabder-20&linkCode=osi&th=1&psc=1">View Product</a></div><div class="product"><a href="https://www.amazon.com/dp/B008F4OOM8?tag=eloabder-20&linkCode=osi&th=1&psc=1"><img src="https://m.media-amazon.com/images/I/31F67SFV7BL._SL500_.jpg" alt="Product Image"></a><p>Petkin Dog Sunscreen Sunstick – Sunscreen for Dogs and Puppies, SPF 15 – Simply Rub on Anytime for Instant Sun Protection – Vanilla Coconut Scent, .5 oz Net Weight – Ideal for Home or Travel</p><p>$11.97</p><a href="https://www.amazon.com/dp/B008F4OOM8?tag=eloabder-20&linkCode=osi&th=1&psc=1">View Product</a></div><div class="product"><a href="https://www.amazon.com/dp/B079VHFBGB?tag=eloabder-20&linkCode=osi&th=1&psc=1"><img src="https://m.media-amazon.com/images/I/51j8zibHIzL._SL500_.jpg" alt="Product Image"></a><p>Handy Hound SnoutScreen - All-Natural Organic Vet-Recommended Dog Nose balm and Paw Balm with Natural Sunscreen - Made in the USA Protect Your Dog from Harmful UVB/UVC Rays - 2 oz</p><p>$20.99 ($20.99 / Count)</p><a href="https://www.amazon.com/dp/B079VHFBGB?tag=eloabder-20&linkCode=osi&th=1&psc=1">View Product</a></div>
<div class="product"><a href="https://www.amazon.com/dp/B0D3QFMQM2?tag=eloabder-20&linkCode=osi&th=1&psc=1"><img src="https://m.media-amazon.com/images/I/41Xp-SBgePL._SL500_.jpg" alt="Product Image"></a><p>All-in-One Dog Supplement for Wellness and Longevity, 63 Ingredients for Joints, Cognition, Mood, Skin, Gut and Organ Health, Small Breeds, Vet-Formulated, Made in USA, Senior Formula for 8+ Years</p><p>$59.99 ($6.18 / Ounce)</p><a href="https://www.amazon.com/dp/B0D3QFMQM2?tag=eloabder-20&linkCode=osi&th=1&psc=1">View Product</a></div><div class="product"><a href="https://www.amazon.com/dp/B0083H586S?tag=eloabder-20&linkCode=osi&th=1&psc=1"><img src="https://m.media-amazon.com/images/I/41TpGg6ZSIL._SL500_.jpg" alt="Product Image"></a><p>NaturVet – Senior Wellness Hip & Joint Advanced Plus Omegas | Help Support Your Pet’s Healthy Hip & Joint Function | Supports Joints, Cartilage & Connective Tissues | 120 Soft Chews</p><p>$16.99 ($0.14 / Count)</p><a href="https://www.amazon.com/dp/B0083H586S?tag=eloabder-20&linkCode=osi&th=1&psc=1">View Product</a></div><div class="product"><a href="https://www.amazon.com/dp/B07FWPPGWT?tag=eloabder-20&linkCode=osi&th=1&psc=1"><img src="https://m.media-amazon.com/images/I/41+inDo9CwL._SL500_.jpg" alt="Product Image"></a><p>Critical Immune Defense for Dogs & Cats; Supports Normal Cell Growth - Turkey Tail, Reishi, Shiitake and Maitake Mushroom Formula with Patented White Turmeric Root Extract - 30-day Supply</p><p>$65.00 ($10.25 / Ounce)</p><a href="https://www.amazon.com/dp/B07FWPPGWT?tag=eloabder-20&linkCode=osi&th=1&psc=1">View Product</a></div><div class="product"><a href="https://www.amazon.com/dp/B07498ZT6K?tag=eloabder-20&linkCode=osi&th=1&psc=1"><img src="https://m.media-amazon.com/images/I/310kUj+IP1L._SL500_.jpg" alt="Product Image"></a><p>Hemp Well Hemp Thrive Oil for Dogs and Cats – 16 Ounces of Organic Hemp Oil Supplement for Dog and Cat Health, Calming, Joint Support, ImmuneHealth, and Itchy Skin Relief</p><p>$25.90 ($1.62 / Fl Oz)</p><a href="https://www.amazon.com/dp/B07498ZT6K?tag=eloabder-20&linkCode=osi&th=1&psc=1">View Product</a></div><div class="product"><a href="https://www.amazon.com/dp/B09RX31T8Z?tag=eloabder-20&linkCode=osi&th=1&psc=1"><img src="https://m.media-amazon.com/images/I/41Huq-Gip0L._SL500_.jpg" alt="Product Image"></a><p>Turkey Tail Pet Support - Dog Multivitamins and Supplements for Immune Support, Gut Health & Wellness - Grain-Free, Gluten-Free, Vet-Approved Dog Supplement (90ct)</p><p>$23.95 ($0.27 / Count)</p><a href="https://www.amazon.com/dp/B09RX31T8Z?tag=eloabder-20&linkCode=osi&th=1&psc=1">View Product</a></div><div class="product"><a href="https://www.amazon.com/dp/B09FR3KFYP?tag=eloabder-20&linkCode=osi&th=1&psc=1"><img src="https://m.media-amazon.com/images/I/51v0CdmWq5L._SL500_.jpg" alt="Product Image"></a><p>Well Loved Glucosamine for Dogs - Joint Supplement for Dogs, Made in USA, Vet Developed, Dog Joint Supplement, Glucosamine Chondroitin for Dogs, Advanced Hip and Joint Chews with MSM, Pain Relief, 120</p><p>$23.99 ($0.20 / Count)</p><a href="https://www.amazon.com/dp/B09FR3KFYP?tag=eloabder-20&linkCode=osi&th=1&psc=1">View Product</a></div><div class="product"><a href="https://www.amazon.com/dp/B09H3RBXKS?tag=eloabder-20&linkCode=osi&th=1&psc=1"><img src="https://m.media-amazon.com/images/I/51Zm0SMzn3L._SL500_.jpg" alt="Product Image"></a><p>Well Loved Probiotics for Dogs, Dog Probiotics and Digestive Enzymes, Made in USA, Vet Developed, Dog Probiotic Chews with Prebiotics, Diarrhea Treatment, for Itchy Skin, Gut Health & Gas Relief</p><p>$27.99 ($0.23 / Count)</p><a href="https://www.amazon.com/dp/B09H3RBXKS?tag=eloabder-20&linkCode=osi&th=1&psc=1">View Product</a></div>
<div class="product"><a href="https://www.amazon.com/dp/B09GJJLDWR?tag=eloabder-20&linkCode=osi&th=1&psc=1"><img src="https://m.media-amazon.com/images/I/51dYorxBpSL._SL500_.jpg" alt="Product Image"></a><p>Purina Beggin' Strips Dog Treats, Original With Bacon Flavor - (Pack of 2) 26 oz. Pouches</p><p>$21.19 ($6.52 / lb)</p><a href="https://www.amazon.com/dp/B09GJJLDWR?tag=eloabder-20&linkCode=osi&th=1&psc=1">View Product</a></div>


<div class="product"><a href="https://www.amazon.com/dp/B0009YWKUA?tag=eloabder-20&linkCode=osi&th=1&psc=1"><img src="https://m.media-amazon.com/images/I/41DzZ0HgS7L._SL500_.jpg" alt="Product Image"></a><p>Blue Buffalo Life Protection Formula Adult Dry Dog Food, Helps Build and Maintain Strong Muscles, Made with Natural Ingredients, Chicken & Brown Rice Recipe, 30-lb. Bag</p><p>$64.98 ($2.17 / lb)</p><a href="https://www.amazon.com/dp/B0009YWKUA?tag=eloabder-20&linkCode=osi&th=1&psc=1">View Product</a></div><div class="product"><a href="https://www.amazon.com/dp/B009IOCCD2?tag=eloabder-20&linkCode=osi&th=1&psc=1"><img src="https://m.media-amazon.com/images/I/41kN4rGGnEL._SL500_.jpg" alt="Product Image"></a><p>Purina ONE Dry Dog Food Lamb and Rice Formula - 31.1 lb. Bag</p><p>$48.98 ($1.57 / lb)</p><a href="https://www.amazon.com/dp/B009IOCCD2?tag=eloabder-20&linkCode=osi&th=1&psc=1">View Product</a></div><div class="product"><a href="https://www.amazon.com/dp/B00BD741WM?tag=eloabder-20&linkCode=osi&th=1&psc=1"><img src="https://m.media-amazon.com/images/I/51DjFJxGuzL._SL500_.jpg" alt="Product Image"></a><p>IAMS Adult Minichunks Small Kibble High Protein Dry Dog Food with Real Chicken, 30 lb. Bag,(Packaging may vary)</p><p>$46.98 ($1.57 / lb)</p><a href="https://www.amazon.com/dp/B00BD741WM?tag=eloabder-20&linkCode=osi&th=1&psc=1">View Product</a></div><div class="product"><a href="https://www.amazon.com/dp/B07KZCGXPS?tag=eloabder-20&linkCode=osi&th=1&psc=1"><img src="https://m.media-amazon.com/images/I/41f7ma8WlmL._SL500_.jpg" alt="Product Image"></a><p>Purina ONE True Instinct Tender Cuts in Gravy With Real Turkey and Venison, and With Real Chicken and Duck High Protein Wet Dog Food Variety Pack - (Pack of 12) 13 oz. Cans</p><p>$28.09 ($2.88 / lb)</p><a href="https://www.amazon.com/dp/B07KZCGXPS?tag=eloabder-20&linkCode=osi&th=1&psc=1">View Product</a></div><div class="product"><a href="https://www.amazon.com/dp/B00M0FHCN6?tag=eloabder-20&linkCode=osi&th=1&psc=1"><img src="https://m.media-amazon.com/images/I/51wLSFGMhDL._SL500_.jpg" alt="Product Image"></a><p>CESAR Adult Wet Dog Food Classic Loaf in Sauce Poultry Variety Pack,. Easy Peel Trays with Real Chicken, Turkey or Duck, 3.5 Ounce (Pack of 24)</p><p>$24.98 ($4.76 / lb)</p><a href="https://www.amazon.com/dp/B00M0FHCN6?tag=eloabder-20&linkCode=osi&th=1&psc=1">View Product</a></div>
<div class="product"><a href="https://www.amazon.com/dp/B08P2D95G8?tag=eloabder-20&linkCode=osi&th=1&psc=1"><img src="https://m.media-amazon.com/images/I/51-0PjesnPL._SL500_.jpg" alt="Product Image"></a><p>Pur Luv Dog Treats, Chicken Jerky for Dogs, Made with 100% Real Chicken Breast, 16 Ounces, Healthy, Easily Digestible, Long-Lasting, High Protein Dog Treat, Satisfies Dog's Urge to Chew</p><p>$11.54 ($0.72 / oz)</p><a href="https://www.amazon.com/dp/B08P2D95G8?tag=eloabder-20&linkCode=osi&th=1&psc=1">View Product</a></div><div class="product"><a href="https://www.amazon.com/dp/B01KZECQRK?tag=eloabder-20&linkCode=osi&th=1&psc=1"><img src="https://m.media-amazon.com/images/I/41mCSdSOW6L._SL500_.jpg" alt="Product Image"></a><p>Pet 'n Shape Chik 'n Hide Twists – Chicken Wrapped Rawhide Natural Dog Treats, Small, 16 oz</p><p>$15.99</p><a href="https://www.amazon.com/dp/B01KZECQRK?tag=eloabder-20&linkCode=osi&th=1&psc=1">View Product</a></div><div class="product"><a href="https://www.amazon.com/dp/B003PMQMK2?tag=eloabder-20&linkCode=osi&th=1&psc=1"><img src="https://m.media-amazon.com/images/I/51rKBA3bcNL._SL500_.jpg" alt="Product Image"></a><p>Milk-Bone MaroSnacks Dog Treats, Beef, 40 Ounce with Real Bone Marrow and Calcium</p><p>$11.48 ($4.59 / lb)</p><a href="https://www.amazon.com/dp/B003PMQMK2?tag=eloabder-20&linkCode=osi&th=1&psc=1">View Product</a></div><div class="product"><a href="https://www.amazon.com/dp/B07BVLGZW6?tag=eloabder-20&linkCode=osi&th=1&psc=1"><img src="https://m.media-amazon.com/images/I/51oBIB2I7HL._SL500_.jpg" alt="Product Image"></a><p>Good'N'Fun P-94130 Triple Flavor Wings Dog Chews, One Size</p><p>$11.65 ($0.97 / oz)</p><a href="https://www.amazon.com/dp/B07BVLGZW6?tag=eloabder-20&linkCode=osi&th=1&psc=1">View Product</a></div><div class="product"><a href="https://www.amazon.com/dp/B003P9XG68?tag=eloabder-20&linkCode=osi&th=1&psc=1"><img src="https://m.media-amazon.com/images/I/41ytS3hkBnL._SL500_.jpg" alt="Product Image"></a><p>Blue Buffalo Health Bars Natural Crunchy Dog Treats Biscuits, Pumpkin & Cinnamon 16-oz Bag</p><p>$4.98 ($0.31 / oz)</p><a href="https://www.amazon.com/dp/B003P9XG68?tag=eloabder-20&linkCode=osi&th=1&psc=1">View Product</a></div><div class="product"><a href="https://www.amazon.com/dp/B0BWBTWXN3?tag=eloabder-20&linkCode=osi&th=1&psc=1"><img src="https://m.media-amazon.com/images/I/31+dzCcvlGL._SL500_.jpg" alt="Product Image"></a><p>Vital Essentials Freeze Dried Raw Single Ingredient Dog Treats, Chicken Hearts, 1.9 oz</p><p>$9.49 ($4.99 / oz)</p><a href="https://www.amazon.com/dp/B0BWBTWXN3?tag=eloabder-20&linkCode=osi&th=1&psc=1">View Product</a></div><div class="product"><a href="https://www.amazon.com/dp/B01C47NRJC?tag=eloabder-20&linkCode=osi&th=1&psc=1"><img src="https://m.media-amazon.com/images/I/51fs1tTjYCL._SL500_.jpg" alt="Product Image"></a><p>Purina Beggin' With Real Meat Dog Treats, Fun Size Original With Bacon Flavor - 25 oz. Pouch</p><p>$11.48 ($7.35 / lb)</p><a href="https://www.amazon.com/dp/B01C47NRJC?tag=eloabder-20&linkCode=osi&th=1&psc=1">View Product</a></div><div class="product"><a href="https://www.amazon.com/dp/B07BVL8TQF?tag=eloabder-20&linkCode=osi&th=1&psc=1"><img src="https://m.media-amazon.com/images/I/41V12A43ClL._SL500_.jpg" alt="Product Image"></a><p>Good'N'Fun Triple Flavored Rawhide Kabobs for Dogs, 1.5 Pound (Pack of 1)</p><p>$17.98 ($11.99 / lb)</p><a href="https://www.amazon.com/dp/B07BVL8TQF?tag=eloabder-20&linkCode=osi&th=1&psc=1">View Product</a></div>
<div class="product"><a href="https://www.amazon.com/dp/B00G5M75UK?tag=eloabder-20&linkCode=osi&th=1&psc=1"><img src="https://m.media-amazon.com/images/I/51eJ6OzgqGL._SL500_.jpg" alt="Product Image"></a><p>Best Pet Supplies 2-in-1 Stuffless Squeaky Dog Toys with Soft, Durable Fabric for Small, Medium, and Large Pets, No Stuffing for Indoor Play, Supports Active Biting and Play - 1Wild Duck, Small</p><p>$4.99</p><a href="https://www.amazon.com/dp/B00G5M75UK?tag=eloabder-20&linkCode=osi&th=1&psc=1">View Product</a></div><div class="product"><a href="https://www.amazon.com/dp/B0BGBHXSWH?tag=eloabder-20&linkCode=osi&th=1&psc=1"><img src="https://m.media-amazon.com/images/I/510SJqCt8qL._SL500_.jpg" alt="Product Image"></a><p>Cowjag Cat Toys, Laser Pointer with 5 Adjustable Patterns, USB Recharge Laser, Long Range and 3 Modes Training Chaser Interactive Toy, Dog Laser Toy</p><p>$9.99</p><a href="https://www.amazon.com/dp/B0BGBHXSWH?tag=eloabder-20&linkCode=osi&th=1&psc=1">View Product</a></div><div class="product"><a href="https://www.amazon.com/dp/B00CPDWT2M?tag=eloabder-20&linkCode=osi&th=1&psc=1"><img src="https://m.media-amazon.com/images/I/318fAcfhAdL._SL500_.jpg" alt="Product Image"></a><p>Benebone Wishbone Durable Dog Chew Toy for Aggressive Chewers, Real Bacon, Made in USA, Medium</p><p>$9.74</p><a href="https://www.amazon.com/dp/B00CPDWT2M?tag=eloabder-20&linkCode=osi&th=1&psc=1">View Product</a></div>



<div class="product"><a href="https://www.amazon.com/dp/B00BUFYFKK?tag=eloabder-20&linkCode=osi&th=1&psc=1"><img src="https://m.media-amazon.com/images/I/51kfe3GnT3L._SL500_.jpg" alt="Product Image"></a><p>Hartz UltraGuard Purple Flea & Tick Collar for Cats and Kittens - 7 Month Protection</p><p>$3.58</p><a href="https://www.amazon.com/dp/B00BUFYFKK?tag=eloabder-20&linkCode=osi&th=1&psc=1">View Product</a></div>


<div class="product"><a href="https://www.amazon.com/dp/B005CUTWDE?tag=eloabder-20&linkCode=osi&th=1&psc=1"><img src="https://m.media-amazon.com/images/I/41j4IEfx6wL._SL500_.jpg" alt="Product Image"></a><p>Wahl USA Dry Skin & Itch Relief Pet Shampoo for Dogs – Oatmeal Formula with Coconut Lime Verbena & Pet Friendly Formula, 24 Oz - Model 820004A</p><p>$8.97</p><a href="https://www.amazon.com/dp/B005CUTWDE?tag=eloabder-20&linkCode=osi&th=1&psc=1">View Product</a></div><div class="product"><a href="https://www.amazon.com/dp/B005CUTW8O?tag=eloabder-20&linkCode=osi&th=1&psc=1"><img src="https://m.media-amazon.com/images/I/415nQL+xAbL._SL500_.jpg" alt="Product Image"></a><p>Wahl USA 4-in-1 Calming Pet Shampoo for Dogs – Cleans, Conditions, Detangles, & Moisturizes with Lavender Chamomile - Pet Friendly Formula - 24 Oz - Model 820000A</p><p>$8.48</p><a href="https://www.amazon.com/dp/B005CUTW8O?tag=eloabder-20&linkCode=osi&th=1&psc=1">View Product</a></div><div class="product"><a href="https://www.amazon.com/dp/B08ZJYBN9Y?tag=eloabder-20&linkCode=osi&th=1&psc=1"><img src="https://m.media-amazon.com/images/I/31KdutxWCzL._SL500_.jpg" alt="Product Image"></a><p>OUAI Fur Bébé Pet Shampoo, Mercer Street Scent - Dog Shampoo and Coat Wash for Hydrating, Cleansing and Adding Shine to Pet Hair - Pet Supplies by OUAI (16 Fl Oz)</p><p>$32.00</p><a href="https://www.amazon.com/dp/B08ZJYBN9Y?tag=eloabder-20&linkCode=osi&th=1&psc=1">View Product</a></div><div class="product"><a href="https://www.amazon.com/dp/B07RVD63J1?tag=eloabder-20&linkCode=osi&th=1&psc=1"><img src="https://m.media-amazon.com/images/I/31f8QK2qe2L._SL500_.jpg" alt="Product Image"></a><p>Arm & Hammer Super Deodorizing Shampoo For Dogs - Odor Eliminating Dog Shampoo For Smelly Dogs & Puppies With Arm & Hammer Baking Soda -- Kiwi Blossom Scent, 20 Fl Oz,White</p><p>$4.98</p><a href="https://www.amazon.com/dp/B07RVD63J1?tag=eloabder-20&linkCode=osi&th=1&psc=1">View Product</a></div><div class="product"><a href="https://www.amazon.com/dp/B079T44C3J?tag=eloabder-20&linkCode=osi&th=1&psc=1"><img src="https://m.media-amazon.com/images/I/41aKOigtAPL._SL500_.jpg" alt="Product Image"></a><p>Wahl USA Dry Skin & Itch Relief Pet Shampoo for Dogs – Oatmeal Formula with Coconut Lime Verbena - 64 Oz - Model 821004-050</p><p>$19.99</p><a href="https://www.amazon.com/dp/B079T44C3J?tag=eloabder-20&linkCode=osi&th=1&psc=1">View Product</a></div><div class="product"><a href="https://www.amazon.com/dp/B0791LY9MW?tag=eloabder-20&linkCode=osi&th=1&psc=1"><img src="https://m.media-amazon.com/images/I/41evpDHPYpL._SL500_.jpg" alt="Product Image"></a><p>Pawfume Dog Shampoo and Conditioner – Hypoallergenic Dog Shampoo for Smelly Dogs – Best Dog Shampoos & Conditioners – Probiotic Pet Shampoo for Dogs – Best Dog Shampoo for Puppies (Show Dog)</p><p>$12.99 ($1.08 / Fl Oz)</p><a href="https://www.amazon.com/dp/B0791LY9MW?tag=eloabder-20&linkCode=osi&th=1&psc=1">View Product</a></div><div class="product"><a href="https://www.amazon.com/dp/B018FGSTT4?tag=eloabder-20&linkCode=osi&th=1&psc=1"><img src="https://m.media-amazon.com/images/I/41879dA1aHL._SL500_.jpg" alt="Product Image"></a><p>Oatmeal Dog Shampoo & Conditioner 17oz [USA] 5 in 1 Plant-Based Organic Sulfate-Free Soap-Free-Tearless Moisturizer for Dandruff Allergies & Itchy Dry Sensitive Skin-Puppy Grooming [Pro Pet Works]</p><p>$16.99</p><a href="https://www.amazon.com/dp/B018FGSTT4?tag=eloabder-20&linkCode=osi&th=1&psc=1">View Product</a></div><div class="product"><a href="https://www.amazon.com/dp/B002GPD8BU?tag=eloabder-20&linkCode=osi&th=1&psc=1"><img src="https://m.media-amazon.com/images/I/41ctLsjd+hL._SL500_.jpg" alt="Product Image"></a><p>TropiClean 2-in-1 Papaya & Coconut Dog Shampoo and Conditioner | Natural Pet Shampoo Derived from Natural Ingredients | Cat Friendly | Made in the USA | 20 oz.</p><p>$14.99</p><a href="https://www.amazon.com/dp/B002GPD8BU?tag=eloabder-20&linkCode=osi&th=1&psc=1">View Product</a></div><div class="product"><a href="https://www.amazon.com/dp/B07K6JSBRB?tag=eloabder-20&linkCode=osi&th=1&psc=1"><img src="https://m.media-amazon.com/images/I/41kU4IxjB1L._SL500_.jpg" alt="Product Image"></a><p>Pet Honesty Chlorhexidine Cat & Dog Anti-itch Shampoo, for Allergies, Itching, Dog Skin and Coat Supplement, Helps Shedding, Hot Spots, Deodorizing Dog Shampoo, Dog Grooming Supplies,16oz</p><p>$20.99</p><a href="https://www.amazon.com/dp/B07K6JSBRB?tag=eloabder-20&linkCode=osi&th=1&psc=1">View Product</a></div>
<div class="product"><a href="https://www.amazon.com/dp/B002CZR9QY?tag=eloabder-20&linkCode=osi&th=1&psc=1"><img src="https://m.media-amazon.com/images/I/31SypTuKXPL._SL500_.jpg" alt="Product Image"></a><p>Veterinary Formula Smart Coat Complex Ultra Oatmeal Moisturizing Conditioner for Dogs, 17 Fl oz – with Colloidal Oatmeal & Jojoba – Leaves Coat Soft, Shiny, Hydrated, Strong, with Long-Lasting Scent</p><p>$9.99</p><a href="https://www.amazon.com/dp/B002CZR9QY?tag=eloabder-20&linkCode=osi&th=1&psc=1">View Product</a></div><div class="product"><a href="https://www.amazon.com/dp/B00CVTROQ6?tag=eloabder-20&linkCode=osi&th=1&psc=1"><img src="https://m.media-amazon.com/images/I/41aR-yjG0JL._SL500_.jpg" alt="Product Image"></a><p>Burt's Bees for Pets Naturally Derived Oatmeal Conditioner with Colloidal Oat Flour & Honey - Dog Oatmeal Shampoo - Cruelty Free, Made in the USA - 10 Oz</p><p>$7.98</p><a href="https://www.amazon.com/dp/B00CVTROQ6?tag=eloabder-20&linkCode=osi&th=1&psc=1">View Product</a></div><div class="product"><a href="https://www.amazon.com/dp/B002GPEMCE?tag=eloabder-20&linkCode=osi&th=1&psc=1"><img src="https://m.media-amazon.com/images/I/41aROtv96VL._SL500_.jpg" alt="Product Image"></a><p>TropiClean Kiwi & Coco Butter Moisturizing Dog Conditioner | Natural Pet Conditioner Derived from Natural Ingredients | Cat Friendly | Made in the USA | 20 oz.</p><p>$14.99</p><a href="https://www.amazon.com/dp/B002GPEMCE?tag=eloabder-20&linkCode=osi&th=1&psc=1">View Product</a></div><div class="product"><a href="https://www.amazon.com/dp/B0733Q6FZS?tag=eloabder-20&linkCode=osi&th=1&psc=1"><img src="https://m.media-amazon.com/images/I/41UVp4A19EL._SL500_.jpg" alt="Product Image"></a><p>earthbath, Oatmeal & Aloe Dog Shampoo and Conditioner - Oatmeal Shampoo for Dogs, Itchy, Dry Skin Relief, Dog Wash, Made in USA, Dog Conditioner, Pet Shampoos - Vanilla & Almond, 16 Oz (1 Set)</p><p>$29.50</p><a href="https://www.amazon.com/dp/B0733Q6FZS?tag=eloabder-20&linkCode=osi&th=1&psc=1">View Product</a></div><div class="product"><a href="https://www.amazon.com/dp/B00LNEDFVS?tag=eloabder-20&linkCode=osi&th=1&psc=1"><img src="https://m.media-amazon.com/images/I/31wJ3gR-zkL._SL500_.jpg" alt="Product Image"></a><p>earthbath Oatmeal & Aloe Conditioner, Fragrance Free, 16 oz – Dog Conditioner for Allergies and Itching, Dry Skin – Made in USA</p><p>$17.31</p><a href="https://www.amazon.com/dp/B00LNEDFVS?tag=eloabder-20&linkCode=osi&th=1&psc=1">View Product</a></div><div class="product"><a href="https://www.amazon.com/dp/B088S8XKJN?tag=eloabder-20&linkCode=osi&th=1&psc=1"><img src="https://m.media-amazon.com/images/I/31PU8NG6t6L._SL500_.jpg" alt="Product Image"></a><p>BioSilk for Dogs Silk Therapy Detangling Conditioner | Sulfate and Paraben Free Matted Hair Dog Detangler Conditioner for All Adult Dogs, 12 Fl Oz Made in The USA,Beige</p><p>$9.99</p><a href="https://www.amazon.com/dp/B088S8XKJN?tag=eloabder-20&linkCode=osi&th=1&psc=1">View Product</a></div><div class="product"><a href="https://www.amazon.com/dp/B08P4T75LL?tag=eloabder-20&linkCode=osi&th=1&psc=1"><img src="https://m.media-amazon.com/images/I/31rhZnbNzgL._SL500_.jpg" alt="Product Image"></a><p>PET Head Sensitive Soul Conditioner for Dogs with Sensitive Skin 8.4 fl. oz. Coconut Scent. Hypoallergenic and Soothing, Natural Ingredients and Vegan. Gentle Formula for Puppies. Made in USA</p><p>$15.99</p><a href="https://www.amazon.com/dp/B08P4T75LL?tag=eloabder-20&linkCode=osi&th=1&psc=1">View Product</a></div>

<div class="product"><a href="https://www.amazon.com/dp/B07SHGK4M5?tag=eloabder-20&linkCode=osi&th=1&psc=1"><img src="https://m.media-amazon.com/images/I/5130vs0twCL._SL500_.jpg" alt="Product Image"></a><p>GNAWRISHING Flea Comb 4Pcs with High Strength Teeth Pet Tear Stain Remover Combs, Pet Dog Cat Grooming Comb Set Effective Float Hair Remover</p><p>$5.98</p><a href="https://www.amazon.com/dp/B07SHGK4M5?tag=eloabder-20&linkCode=osi&th=1&psc=1">View Product</a></div>
<div class="product"><a href="https://www.amazon.com/dp/B09V5PDTSD?tag=eloabder-20&linkCode=osi&th=1&psc=1"><img src="https://m.media-amazon.com/images/I/514U8rhVWcL._SL500_.jpg" alt="Product Image"></a><p>iToleeve LED Dog Nail Clipper with Light, Illuminates Nails or Bloodline for Safe and Easy Trimmers, Extra Sharp for Thick nails, Quick Sensor, Avoid Over Cutting Toenail, for Cats & Dogs</p><p>$20.99 ($20.99 / Count)</p><a href="https://www.amazon.com/dp/B09V5PDTSD?tag=eloabder-20&linkCode=osi&th=1&psc=1">View Product</a></div>


<div class="product"><a href="https://www.amazon.com/dp/B000FEF10A?tag=eloabder-20&linkCode=osi&th=1&psc=1"><img src="https://m.media-amazon.com/images/I/5133i0iTHGL._SL500_.jpg" alt="Product Image"></a><p>PetSafe ScoopFree Crystal Cat Litter Tray Refills – Fresh Scent, 3-Pack – Disposable Tray – includes Leak Protection & Low Tracking Litter – Absorbs Odors On Contact</p><p>$69.95 ($23.32 / Count)</p><a href="https://www.amazon.com/dp/B000FEF10A?tag=eloabder-20&linkCode=osi&th=1&psc=1">View Product</a></div>
<div class="product"><a href="https://www.amazon.com/dp/B0009X0QSY?tag=eloabder-20&linkCode=osi&th=1&psc=1"><img src="https://m.media-amazon.com/images/I/41OLN2UTAyL._SL500_.jpg" alt="Product Image"></a><p>Dr. Elsey's Premium Clumping Cat Litter - Ultra - 99.9% Dust-Free, Low Tracking, Hard Clumping, Superior Odor Control, Unscented & Natural Ingredients</p><p>$11.68 ($0.04 / Fl Oz)</p><a href="https://www.amazon.com/dp/B0009X0QSY?tag=eloabder-20&linkCode=osi&th=1&psc=1">View Product</a></div><div class="product"><a href="https://www.amazon.com/dp/B089PM6FRC?tag=eloabder-20&linkCode=osi&th=1&psc=1"><img src="https://m.media-amazon.com/images/I/51sRjfsJXvL._SL500_.jpg" alt="Product Image"></a><p>Fresh Step Clumping Cat Litter, With Gain, Advanced, Extra Large, 37 Pounds total (2 Pack of 18.5lb Boxes)</p><p>$33.59 ($0.91 / Pound)</p><a href="https://www.amazon.com/dp/B089PM6FRC?tag=eloabder-20&linkCode=osi&th=1&psc=1">View Product</a></div><

    </div>

    <!-- Bouton flottant -->
    <button class="floating-button" onclick="window.location.href='https://www.iasmarket.us'">HOME</button>
<div class="pagination">
        <a href="https://iasmarket.github.io/PetSupplies/ ">0</a>
        <a href="https://iasmarket.github.io/PetSupplies/1">1</a>
        <a href="https://iasmarket.github.io/PetSupplies/2">2</a>
        <a href="https://iasmarket.github.io/PetSupplies/3">3</a>
        <!-- Ajoutez plus de liens si nécessaire -->
    </div>
    <script>
        function updateTime() {
            const optionsDate = {
                timeZone: 'America/Los_Angeles',
                year: 'numeric',
                month: 'long',
                day: 'numeric',
                weekday: 'long'
            };
            const optionsTime = {
                timeZone: 'America/Los_Angeles',
                hour: '2-digit',
                minute: '2-digit',
                second: '2-digit'
            };

            const now = new Date();
            const formatterDate = new Intl.DateTimeFormat('en-US', optionsDate);
            const formatterTime = new Intl.DateTimeFormat('en-US', optionsTime);

            const formattedDate = formatterDate.format(now);
            const formattedTime = formatterTime.format(now);

            document.getElementById('comment').textContent = "As an AMAZON Associate, I earn from qualifying purchases.";
            document.getElementById('date').textContent = formattedDate;
            document.getElementById('time').textContent = formattedTime;
        }

        updateTime();
        setInterval(updateTime, 1000);
    </script>
</body>

</html>
