    <!DOCTYPE html>
    <html lang="en">
    
    <head>
        <meta charset="UTF-8">
        <meta http-equiv="X-UA-Compatible" content="IE=edge">
        <meta name="viewport" content="width=device-width, initial-scale=1.0">
        <title>IaSmarKet Products</title>
        <style>
            body {
                background-color: black;
                color: white;
                font-family: Arial, sans-serif;
            }
    
            .datetime {
                text-align: center;
                color: gray;
                margin-top: 20px;
            }
    
            .date,
            .time {
                font-size: 48px;
            }
    
            .container {
                display: flex;
                flex-wrap: wrap;
                justify-content: center;
                align-items: flex-start;
                min-height: calc(100vh - 7cm);
                padding: 20px;
            }
    
            .product {
                width: calc(100% / 4 - 40px);
                margin: 10px;
                text-align: center;
                border: 1px solid red;
                border-radius: 10px;
                overflow: hidden;
                padding: 10px;
                display: flex;
                flex-direction: column;
                background-color: black;
                color: white;
                transition: transform 0.3s;
            }
    
            .product:hover {
                transform: scale(1.05);
            }
    
            .product .content {
                height: 200px;
                overflow: hidden;
            }
    
            .product img {
                width: 100%;
                height: 200px;
                object-fit: cover;
            }
    
            .product .description {
                margin-top: 10px;
                flex-grow: 1;
            }
    
            .product .more-link {
                margin-top: 5px;
                cursor: pointer;
                color: blue;
                text-decoration: underline;
            }
    
            .pagination {
                text-align: center;
                margin: 20px 0;
                width: 100%;
            }
    
            .pagination a {
                color: white;
                padding: 8px 16px;
                text-decoration: none;
                background-color: gray;
                margin: 0 4px;
                border-radius: 4px;
            }
    
            .pagination a:hover {
                background-color: #575757;
            }
    
            @media (min-width: 768px) and (max-width: 991px) {
                .product {
                    width: calc(100% / 3 - 40px);
                }
            }
    
            @media (max-width: 767px) {
                .product {
                    width: calc(100% - 40px);
                }
            }
    
            /* Style pour le bouton flottant */
            .floating-button {
                position: fixed;
                bottom: 20px;
                right: 20px;
                background-color: red;
                color: white;
                border: none;
                border-radius: 50%;
                width: 60px;
                height: 60px;
                text-align: center;
                font-size: 18px;
                cursor: pointer;
                z-index: 1000;
                box-shadow: 0 4px 8px rgba(0, 0, 0, 0.2);
            }
    
            /* Style pour la barre de recherche */
            .search-bar {
                width: 100%;
                text-align: center;
                margin: 20px 0;
            }
    
            .search-bar input {
                width: 50%;
                padding: 10px;
                border-radius: 5px;
                border: none;
                font-size: 16px;
            }
    
            @media (max-width: 767px) {
                .search-bar input {
                    width: 80%;
                }
            }
        </style>
    </head>
    
    <body>
        <div class="datetime">
            <div class="date" id="comment"></div>
            <div class="date" id="date"></div>
            <div class="time" id="time"></div>
        </div>
        <!-- Pagination -->
        <div class="pagination">Pages :

         
            </div>
                <!-- Barre de recherche -->
                <div class="search-bar">serche:
                <input type="text" id="searchInput" placeholder=" search and filter by product / name Ex:'Blender' / discount percentage Ex:'30%' ..." onkeyup="filterProducts()">
                </div>

                <div class="container" id="productContainer">
                    <!-- Exemple de produits -->
          
            

<div class="product"><a href="https://www.amazon.com/dp/B0FJ2NPL47?tag=eloabder-20&linkCode=osi&th=1&psc=1"><img src="https://m.media-amazon.com/images/I/51TDSHRvQDL._SL500_.jpg" alt="Product Image"></a><p>Pet Hair Removal Glove for Dogs & Cats, Newly Upgraded Reusable Electrostatic Pet Hair Gloves, Pet Hair Remover Tool for Clothing, Couch, Carpet, Car Seat</p><p> -15% 0FF </p><p>$16.99</p><a href="https://www.amazon.com/dp/B0FJ2NPL47?tag=eloabder-20&linkCode=osi&th=1&psc=1">View Product</a></div><div class="product"><a href="https://www.amazon.com/dp/B0DMWBS87F?tag=eloabder-20&linkCode=osi&th=1&psc=1"><img src="https://m.media-amazon.com/images/I/51Q8Cx4sNWL._SL500_.jpg" alt="Product Image"></a><p>Paw Science Dog Eye Wipes - Hypoallergenic Eye & Face Wipes for Dogs, Cats, & Puppy - Pet Tear Stain Remover & Cleaner - Gently Cleans & Removes Discharge, Crust, & Gunk (Coconut)</p><p> -36% 0FF </p><p>$8.99 ($0.09 / Count)</p><a href="https://www.amazon.com/dp/B0DMWBS87F?tag=eloabder-20&linkCode=osi&th=1&psc=1">View Product</a></div><div class="product"><a href="https://www.amazon.com/dp/B0FH6PZ6RZ?tag=eloabder-20&linkCode=osi&th=1&psc=1"><img src="https://m.media-amazon.com/images/I/414hJ-w970L._SL500_.jpg" alt="Product Image"></a><p>Dog Nail Grinder with 2 LED Lights Powerful 2 Speeds Super Quiet Dog Nail Trimmers with 3 Grinding Wheels Rechargeable Pet Dog Nail Clippers for Large Medium Puppy Dogs Nail File Cat Nail Clipper Blue</p><p> -5% 0FF </p><p>$18.99</p><a href="https://www.amazon.com/dp/B0FH6PZ6RZ?tag=eloabder-20&linkCode=osi&th=1&psc=1">View Product</a></div><div class="product"><a href="https://www.amazon.com/dp/B0FD9MGDKV?tag=eloabder-20&linkCode=osi&th=1&psc=1"><img src="https://m.media-amazon.com/images/I/51XGj6QgMcL._SL500_.jpg" alt="Product Image"></a><p>Pet Hair Removal Glove for Cats & Dogs, Upgraded Five-Finger Electrostatic Pet Hair Gloves, Reusable Magic Brush Pet Hair Remover Tool for Laundry, Couch, Carpet, Car Seat</p><p> -19% 0FF </p><p>$16.17</p><a href="https://www.amazon.com/dp/B0FD9MGDKV?tag=eloabder-20&linkCode=osi&th=1&psc=1">View Product</a></div>

<div class="product"><a href="https://www.amazon.com/dp/B0FJ2NPL47?tag=eloabder-20&linkCode=osi&th=1&psc=1"><img src="https://m.media-amazon.com/images/I/51TDSHRvQDL._SL500_.jpg" alt="Product Image"></a><p>Pet Hair Removal Glove for Dogs & Cats, Newly Upgraded Reusable Electrostatic Pet Hair Gloves, Pet Hair Remover Tool for Clothing, Couch, Carpet, Car Seat</p><p> -15% 0FF </p><p>$16.99</p><a href="https://www.amazon.com/dp/B0FJ2NPL47?tag=eloabder-20&linkCode=osi&th=1&psc=1">View Product</a></div><div class="product"><a href="https://www.amazon.com/dp/B0DMWBS87F?tag=eloabder-20&linkCode=osi&th=1&psc=1"><img src="https://m.media-amazon.com/images/I/51Q8Cx4sNWL._SL500_.jpg" alt="Product Image"></a><p>Paw Science Dog Eye Wipes - Hypoallergenic Eye & Face Wipes for Dogs, Cats, & Puppy - Pet Tear Stain Remover & Cleaner - Gently Cleans & Removes Discharge, Crust, & Gunk (Coconut)</p><p> -36% 0FF </p><p>$8.99 ($0.09 / Count)</p><a href="https://www.amazon.com/dp/B0DMWBS87F?tag=eloabder-20&linkCode=osi&th=1&psc=1">View Product</a></div><div class="product"><a href="https://www.amazon.com/dp/B0FH6PZ6RZ?tag=eloabder-20&linkCode=osi&th=1&psc=1"><img src="https://m.media-amazon.com/images/I/414hJ-w970L._SL500_.jpg" alt="Product Image"></a><p>Dog Nail Grinder with 2 LED Lights Powerful 2 Speeds Super Quiet Dog Nail Trimmers with 3 Grinding Wheels Rechargeable Pet Dog Nail Clippers for Large Medium Puppy Dogs Nail File Cat Nail Clipper Blue</p><p> -5% 0FF </p><p>$18.99</p><a href="https://www.amazon.com/dp/B0FH6PZ6RZ?tag=eloabder-20&linkCode=osi&th=1&psc=1">View Product</a></div><div class="product"><a href="https://www.amazon.com/dp/B0FD9MGDKV?tag=eloabder-20&linkCode=osi&th=1&psc=1"><img src="https://m.media-amazon.com/images/I/51XGj6QgMcL._SL500_.jpg" alt="Product Image"></a><p>Pet Hair Removal Glove for Cats & Dogs, Upgraded Five-Finger Electrostatic Pet Hair Gloves, Reusable Magic Brush Pet Hair Remover Tool for Laundry, Couch, Carpet, Car Seat</p><p> -19% 0FF </p><p>$16.17</p><a href="https://www.amazon.com/dp/B0FD9MGDKV?tag=eloabder-20&linkCode=osi&th=1&psc=1">View Product</a></div>
<div class="product"><a href="https://www.amazon.com/dp/B09K8YYVWV?tag=eloabder-20&linkCode=osi&th=1&psc=1"><img src="https://m.media-amazon.com/images/I/4123dxF1ijL._SL500_.jpg" alt="Product Image"></a><p>Blue Buffalo Life Protection Formula Natural Adult Dry Dog Food, Chicken and Brown Rice 5-lb Trial Size Bag</p><p> -17% 0FF </p><p>$14.98 ($3.00 / lb)</p><a href="https://www.amazon.com/dp/B09K8YYVWV?tag=eloabder-20&linkCode=osi&th=1&psc=1">View Product</a></div><div class="product"><a href="https://www.amazon.com/dp/B0000AH3QT?tag=eloabder-20&linkCode=osi&th=1&psc=1"><img src="https://m.media-amazon.com/images/I/41FXHOzdCWL._SL500_.jpg" alt="Product Image"></a><p>Purina ONE Chicken and Rice Formula Dry Dog Food - 8 lb. Bag</p><p> -9% 0FF </p><p>$16.28 ($2.04 / Pound)</p><a href="https://www.amazon.com/dp/B0000AH3QT?tag=eloabder-20&linkCode=osi&th=1&psc=1">View Product</a></div><div class="product"><a href="https://www.amazon.com/dp/B0000AH3QW?tag=eloabder-20&linkCode=osi&th=1&psc=1"><img src="https://m.media-amazon.com/images/I/41jXsOOPPtL._SL500_.jpg" alt="Product Image"></a><p>Purina ONE Dry Dog Food Lamb and Rice Formula - 8 lb. Bag</p><p> -9% 0FF </p><p>$16.28 ($2.04 / pound)</p><a href="https://www.amazon.com/dp/B0000AH3QW?tag=eloabder-20&linkCode=osi&th=1&psc=1">View Product</a></div><div class="product"><a href="https://www.amazon.com/dp/B09K9FDLFN?tag=eloabder-20&linkCode=osi&th=1&psc=1"><img src="https://m.media-amazon.com/images/I/41fn4P3zY0L._SL500_.jpg" alt="Product Image"></a><p>Blue Buffalo Life Protection Formula Natural Adult Small Breed Dry Dog Food, Chicken and Brown Rice 5-lb Trial Size Bag</p><p> -15% 0FF </p><p>$16.98 ($3.40 / lb)</p><a href="https://www.amazon.com/dp/B09K9FDLFN?tag=eloabder-20&linkCode=osi&th=1&psc=1">View Product</a></div><div class="product"><a href="https://www.amazon.com/dp/B008NHLZ2Y?tag=eloabder-20&linkCode=osi&th=1&psc=1"><img src="https://m.media-amazon.com/images/I/51OqxCyPKTL._SL500_.jpg" alt="Product Image"></a><p>Cesar Wet Dog Food Classic Loaf in Sauce Beef Recipe, Filet Mignon, Grilled Chicken and Porterhouse Steak Variety Pack, 3.5 oz. Easy Peel Trays (24 Count, Pack of 1)</p><p> -11% 0FF </p><p>$24.94 ($1.04 / Count)</p><a href="https://www.amazon.com/dp/B008NHLZ2Y?tag=eloabder-20&linkCode=osi&th=1&psc=1">View Product</a></div><div class="product"><a href="https://www.amazon.com/dp/B00DE7WKVS?tag=eloabder-20&linkCode=osi&th=1&psc=1"><img src="https://m.media-amazon.com/images/I/514-XqvXJJL._SL500_.jpg" alt="Product Image"></a><p>Purina ONE True Instinct With A Blend Of Real Turkey and Venison Dry Dog Food - 15 lb. Bag</p><p> -9% 0FF </p><p>$32.28 ($2.15 / Pound)</p><a href="https://www.amazon.com/dp/B00DE7WKVS?tag=eloabder-20&linkCode=osi&th=1&psc=1">View Product</a></div>

<div class="product"><a href="https://www.amazon.com/dp/B0FJ2NPL47?tag=eloabder-20&linkCode=osi&th=1&psc=1"><img src="https://m.media-amazon.com/images/I/51TDSHRvQDL._SL500_.jpg" alt="Product Image"></a><p>Pet Hair Removal Glove for Dogs & Cats, Newly Upgraded Reusable Electrostatic Pet Hair Gloves, Pet Hair Remover Tool for Clothing, Couch, Carpet, Car Seat</p><p> -15% 0FF </p><p>$16.99</p><a href="https://www.amazon.com/dp/B0FJ2NPL47?tag=eloabder-20&linkCode=osi&th=1&psc=1">View Product</a></div><div class="product"><a href="https://www.amazon.com/dp/B0DMWBS87F?tag=eloabder-20&linkCode=osi&th=1&psc=1"><img src="https://m.media-amazon.com/images/I/51Q8Cx4sNWL._SL500_.jpg" alt="Product Image"></a><p>Paw Science Dog Eye Wipes - Hypoallergenic Eye & Face Wipes for Dogs, Cats, & Puppy - Pet Tear Stain Remover & Cleaner - Gently Cleans & Removes Discharge, Crust, & Gunk (Coconut)</p><p> -36% 0FF </p><p>$8.99 ($0.09 / Count)</p><a href="https://www.amazon.com/dp/B0DMWBS87F?tag=eloabder-20&linkCode=osi&th=1&psc=1">View Product</a></div><div class="product"><a href="https://www.amazon.com/dp/B0FH6PZ6RZ?tag=eloabder-20&linkCode=osi&th=1&psc=1"><img src="https://m.media-amazon.com/images/I/414hJ-w970L._SL500_.jpg" alt="Product Image"></a><p>Dog Nail Grinder with 2 LED Lights Powerful 2 Speeds Super Quiet Dog Nail Trimmers with 3 Grinding Wheels Rechargeable Pet Dog Nail Clippers for Large Medium Puppy Dogs Nail File Cat Nail Clipper Blue</p><p> -5% 0FF </p><p>$18.99</p><a href="https://www.amazon.com/dp/B0FH6PZ6RZ?tag=eloabder-20&linkCode=osi&th=1&psc=1">View Product</a></div><div class="product"><a href="https://www.amazon.com/dp/B0FD9MGDKV?tag=eloabder-20&linkCode=osi&th=1&psc=1"><img src="https://m.media-amazon.com/images/I/51XGj6QgMcL._SL500_.jpg" alt="Product Image"></a><p>Pet Hair Removal Glove for Cats & Dogs, Upgraded Five-Finger Electrostatic Pet Hair Gloves, Reusable Magic Brush Pet Hair Remover Tool for Laundry, Couch, Carpet, Car Seat</p><p> -19% 0FF </p><p>$16.17</p><a href="https://www.amazon.com/dp/B0FD9MGDKV?tag=eloabder-20&linkCode=osi&th=1&psc=1">View Product</a></div>
<div class="product"><a href="https://www.amazon.com/dp/B09K8YYVWV?tag=eloabder-20&linkCode=osi&th=1&psc=1"><img src="https://m.media-amazon.com/images/I/4123dxF1ijL._SL500_.jpg" alt="Product Image"></a><p>Blue Buffalo Life Protection Formula Natural Adult Dry Dog Food, Chicken and Brown Rice 5-lb Trial Size Bag</p><p> -17% 0FF </p><p>$14.98 ($3.00 / lb)</p><a href="https://www.amazon.com/dp/B09K8YYVWV?tag=eloabder-20&linkCode=osi&th=1&psc=1">View Product</a></div><div class="product"><a href="https://www.amazon.com/dp/B0000AH3QT?tag=eloabder-20&linkCode=osi&th=1&psc=1"><img src="https://m.media-amazon.com/images/I/41FXHOzdCWL._SL500_.jpg" alt="Product Image"></a><p>Purina ONE Chicken and Rice Formula Dry Dog Food - 8 lb. Bag</p><p> -9% 0FF </p><p>$16.28 ($2.04 / Pound)</p><a href="https://www.amazon.com/dp/B0000AH3QT?tag=eloabder-20&linkCode=osi&th=1&psc=1">View Product</a></div><div class="product"><a href="https://www.amazon.com/dp/B0000AH3QW?tag=eloabder-20&linkCode=osi&th=1&psc=1"><img src="https://m.media-amazon.com/images/I/41jXsOOPPtL._SL500_.jpg" alt="Product Image"></a><p>Purina ONE Dry Dog Food Lamb and Rice Formula - 8 lb. Bag</p><p> -9% 0FF </p><p>$16.28 ($2.04 / pound)</p><a href="https://www.amazon.com/dp/B0000AH3QW?tag=eloabder-20&linkCode=osi&th=1&psc=1">View Product</a></div><div class="product"><a href="https://www.amazon.com/dp/B09K9FDLFN?tag=eloabder-20&linkCode=osi&th=1&psc=1"><img src="https://m.media-amazon.com/images/I/41fn4P3zY0L._SL500_.jpg" alt="Product Image"></a><p>Blue Buffalo Life Protection Formula Natural Adult Small Breed Dry Dog Food, Chicken and Brown Rice 5-lb Trial Size Bag</p><p> -15% 0FF </p><p>$16.98 ($3.40 / lb)</p><a href="https://www.amazon.com/dp/B09K9FDLFN?tag=eloabder-20&linkCode=osi&th=1&psc=1">View Product</a></div><div class="product"><a href="https://www.amazon.com/dp/B008NHLZ2Y?tag=eloabder-20&linkCode=osi&th=1&psc=1"><img src="https://m.media-amazon.com/images/I/51OqxCyPKTL._SL500_.jpg" alt="Product Image"></a><p>Cesar Wet Dog Food Classic Loaf in Sauce Beef Recipe, Filet Mignon, Grilled Chicken and Porterhouse Steak Variety Pack, 3.5 oz. Easy Peel Trays (24 Count, Pack of 1)</p><p> -11% 0FF </p><p>$24.94 ($1.04 / Count)</p><a href="https://www.amazon.com/dp/B008NHLZ2Y?tag=eloabder-20&linkCode=osi&th=1&psc=1">View Product</a></div><div class="product"><a href="https://www.amazon.com/dp/B00DE7WKVS?tag=eloabder-20&linkCode=osi&th=1&psc=1"><img src="https://m.media-amazon.com/images/I/514-XqvXJJL._SL500_.jpg" alt="Product Image"></a><p>Purina ONE True Instinct With A Blend Of Real Turkey and Venison Dry Dog Food - 15 lb. Bag</p><p> -9% 0FF </p><p>$32.28 ($2.15 / Pound)</p><a href="https://www.amazon.com/dp/B00DE7WKVS?tag=eloabder-20&linkCode=osi&th=1&psc=1">View Product</a></div>
<div class="product"><a href="https://www.amazon.com/dp/B007JXVR76?tag=eloabder-20&linkCode=osi&th=1&psc=1"><img src="https://m.media-amazon.com/images/I/41XRcLETtGL._SL500_.jpg" alt="Product Image"></a><p>Meow Mix Original Choice Dry Cat Food, 6.3 Pound Bag</p><p> -6% 0FF </p><p>$9.29 ($1.47 / lb)</p><a href="https://www.amazon.com/dp/B007JXVR76?tag=eloabder-20&linkCode=osi&th=1&psc=1">View Product</a></div><div class="product"><a href="https://www.amazon.com/dp/B0D9MW74TG?tag=eloabder-20&linkCode=osi&th=1&psc=1"><img src="https://m.media-amazon.com/images/I/51CSHkalU1L._SL500_.jpg" alt="Product Image"></a><p>Meow Mix Gravy Bursts Dry Cat Food, Chicken, 3 LB Bag</p><p> -16% 0FF </p><p>$5.72 ($1.91 / lb)</p><a href="https://www.amazon.com/dp/B0D9MW74TG?tag=eloabder-20&linkCode=osi&th=1&psc=1">View Product</a></div><div class="product"><a href="https://www.amazon.com/dp/B01H3OA7KI?tag=eloabder-20&linkCode=osi&th=1&psc=1"><img src="https://m.media-amazon.com/images/I/51vds1pph5L._SL500_.jpg" alt="Product Image"></a><p>Purina Cat Chow Hairball, Healthy Weight, Indoor, Natural Dry Cat Food, Naturals Indoor - 13 lb. Bag</p><p> -6% 0FF </p><p>$16.99 ($1.31 / lb)</p><a href="https://www.amazon.com/dp/B01H3OA7KI?tag=eloabder-20&linkCode=osi&th=1&psc=1">View Product</a></div><div class="product"><a href="https://www.amazon.com/dp/B01BKYFR7K?tag=eloabder-20&linkCode=osi&th=1&psc=1"><img src="https://m.media-amazon.com/images/I/41GYcHtJdcL._SL500_.jpg" alt="Product Image"></a><p>IAMS Proactive Health Indoor Weight Control & Hairball Care Adult Dry Cat Food, Chicken & Turkey Recipe, 7 lb. Bag</p><p> -11% 0FF </p><p>$16.97 ($2.42 / lb)</p><a href="https://www.amazon.com/dp/B01BKYFR7K?tag=eloabder-20&linkCode=osi&th=1&psc=1">View Product</a></div>

<div class="product"><a href="https://www.amazon.com/dp/B0FJ2NPL47?tag=eloabder-20&linkCode=osi&th=1&psc=1"><img src="https://m.media-amazon.com/images/I/51TDSHRvQDL._SL500_.jpg" alt="Product Image"></a><p>Pet Hair Removal Glove for Dogs & Cats, Newly Upgraded Reusable Electrostatic Pet Hair Gloves, Pet Hair Remover Tool for Clothing, Couch, Carpet, Car Seat</p><p> -15% 0FF </p><p>$16.99</p><a href="https://www.amazon.com/dp/B0FJ2NPL47?tag=eloabder-20&linkCode=osi&th=1&psc=1">View Product</a></div><div class="product"><a href="https://www.amazon.com/dp/B0DMWBS87F?tag=eloabder-20&linkCode=osi&th=1&psc=1"><img src="https://m.media-amazon.com/images/I/51Q8Cx4sNWL._SL500_.jpg" alt="Product Image"></a><p>Paw Science Dog Eye Wipes - Hypoallergenic Eye & Face Wipes for Dogs, Cats, & Puppy - Pet Tear Stain Remover & Cleaner - Gently Cleans & Removes Discharge, Crust, & Gunk (Coconut)</p><p> -36% 0FF </p><p>$8.99 ($0.09 / Count)</p><a href="https://www.amazon.com/dp/B0DMWBS87F?tag=eloabder-20&linkCode=osi&th=1&psc=1">View Product</a></div><div class="product"><a href="https://www.amazon.com/dp/B0FH6PZ6RZ?tag=eloabder-20&linkCode=osi&th=1&psc=1"><img src="https://m.media-amazon.com/images/I/414hJ-w970L._SL500_.jpg" alt="Product Image"></a><p>Dog Nail Grinder with 2 LED Lights Powerful 2 Speeds Super Quiet Dog Nail Trimmers with 3 Grinding Wheels Rechargeable Pet Dog Nail Clippers for Large Medium Puppy Dogs Nail File Cat Nail Clipper Blue</p><p> -5% 0FF </p><p>$18.99</p><a href="https://www.amazon.com/dp/B0FH6PZ6RZ?tag=eloabder-20&linkCode=osi&th=1&psc=1">View Product</a></div><div class="product"><a href="https://www.amazon.com/dp/B0FD9MGDKV?tag=eloabder-20&linkCode=osi&th=1&psc=1"><img src="https://m.media-amazon.com/images/I/51XGj6QgMcL._SL500_.jpg" alt="Product Image"></a><p>Pet Hair Removal Glove for Cats & Dogs, Upgraded Five-Finger Electrostatic Pet Hair Gloves, Reusable Magic Brush Pet Hair Remover Tool for Laundry, Couch, Carpet, Car Seat</p><p> -19% 0FF </p><p>$16.17</p><a href="https://www.amazon.com/dp/B0FD9MGDKV?tag=eloabder-20&linkCode=osi&th=1&psc=1">View Product</a></div>
<div class="product"><a href="https://www.amazon.com/dp/B09K8YYVWV?tag=eloabder-20&linkCode=osi&th=1&psc=1"><img src="https://m.media-amazon.com/images/I/4123dxF1ijL._SL500_.jpg" alt="Product Image"></a><p>Blue Buffalo Life Protection Formula Natural Adult Dry Dog Food, Chicken and Brown Rice 5-lb Trial Size Bag</p><p> -17% 0FF </p><p>$14.98 ($3.00 / lb)</p><a href="https://www.amazon.com/dp/B09K8YYVWV?tag=eloabder-20&linkCode=osi&th=1&psc=1">View Product</a></div><div class="product"><a href="https://www.amazon.com/dp/B0000AH3QT?tag=eloabder-20&linkCode=osi&th=1&psc=1"><img src="https://m.media-amazon.com/images/I/41FXHOzdCWL._SL500_.jpg" alt="Product Image"></a><p>Purina ONE Chicken and Rice Formula Dry Dog Food - 8 lb. Bag</p><p> -9% 0FF </p><p>$16.28 ($2.04 / Pound)</p><a href="https://www.amazon.com/dp/B0000AH3QT?tag=eloabder-20&linkCode=osi&th=1&psc=1">View Product</a></div><div class="product"><a href="https://www.amazon.com/dp/B0000AH3QW?tag=eloabder-20&linkCode=osi&th=1&psc=1"><img src="https://m.media-amazon.com/images/I/41jXsOOPPtL._SL500_.jpg" alt="Product Image"></a><p>Purina ONE Dry Dog Food Lamb and Rice Formula - 8 lb. Bag</p><p> -9% 0FF </p><p>$16.28 ($2.04 / pound)</p><a href="https://www.amazon.com/dp/B0000AH3QW?tag=eloabder-20&linkCode=osi&th=1&psc=1">View Product</a></div><div class="product"><a href="https://www.amazon.com/dp/B09K9FDLFN?tag=eloabder-20&linkCode=osi&th=1&psc=1"><img src="https://m.media-amazon.com/images/I/41fn4P3zY0L._SL500_.jpg" alt="Product Image"></a><p>Blue Buffalo Life Protection Formula Natural Adult Small Breed Dry Dog Food, Chicken and Brown Rice 5-lb Trial Size Bag</p><p> -15% 0FF </p><p>$16.98 ($3.40 / lb)</p><a href="https://www.amazon.com/dp/B09K9FDLFN?tag=eloabder-20&linkCode=osi&th=1&psc=1">View Product</a></div><div class="product"><a href="https://www.amazon.com/dp/B008NHLZ2Y?tag=eloabder-20&linkCode=osi&th=1&psc=1"><img src="https://m.media-amazon.com/images/I/51OqxCyPKTL._SL500_.jpg" alt="Product Image"></a><p>Cesar Wet Dog Food Classic Loaf in Sauce Beef Recipe, Filet Mignon, Grilled Chicken and Porterhouse Steak Variety Pack, 3.5 oz. Easy Peel Trays (24 Count, Pack of 1)</p><p> -11% 0FF </p><p>$24.94 ($1.04 / Count)</p><a href="https://www.amazon.com/dp/B008NHLZ2Y?tag=eloabder-20&linkCode=osi&th=1&psc=1">View Product</a></div><div class="product"><a href="https://www.amazon.com/dp/B00DE7WKVS?tag=eloabder-20&linkCode=osi&th=1&psc=1"><img src="https://m.media-amazon.com/images/I/514-XqvXJJL._SL500_.jpg" alt="Product Image"></a><p>Purina ONE True Instinct With A Blend Of Real Turkey and Venison Dry Dog Food - 15 lb. Bag</p><p> -9% 0FF </p><p>$32.28 ($2.15 / Pound)</p><a href="https://www.amazon.com/dp/B00DE7WKVS?tag=eloabder-20&linkCode=osi&th=1&psc=1">View Product</a></div>
<div class="product"><a href="https://www.amazon.com/dp/B007JXVR76?tag=eloabder-20&linkCode=osi&th=1&psc=1"><img src="https://m.media-amazon.com/images/I/41XRcLETtGL._SL500_.jpg" alt="Product Image"></a><p>Meow Mix Original Choice Dry Cat Food, 6.3 Pound Bag</p><p> -6% 0FF </p><p>$9.29 ($1.47 / lb)</p><a href="https://www.amazon.com/dp/B007JXVR76?tag=eloabder-20&linkCode=osi&th=1&psc=1">View Product</a></div><div class="product"><a href="https://www.amazon.com/dp/B0D9MW74TG?tag=eloabder-20&linkCode=osi&th=1&psc=1"><img src="https://m.media-amazon.com/images/I/51CSHkalU1L._SL500_.jpg" alt="Product Image"></a><p>Meow Mix Gravy Bursts Dry Cat Food, Chicken, 3 LB Bag</p><p> -16% 0FF </p><p>$5.72 ($1.91 / lb)</p><a href="https://www.amazon.com/dp/B0D9MW74TG?tag=eloabder-20&linkCode=osi&th=1&psc=1">View Product</a></div><div class="product"><a href="https://www.amazon.com/dp/B01H3OA7KI?tag=eloabder-20&linkCode=osi&th=1&psc=1"><img src="https://m.media-amazon.com/images/I/51vds1pph5L._SL500_.jpg" alt="Product Image"></a><p>Purina Cat Chow Hairball, Healthy Weight, Indoor, Natural Dry Cat Food, Naturals Indoor - 13 lb. Bag</p><p> -6% 0FF </p><p>$16.99 ($1.31 / lb)</p><a href="https://www.amazon.com/dp/B01H3OA7KI?tag=eloabder-20&linkCode=osi&th=1&psc=1">View Product</a></div><div class="product"><a href="https://www.amazon.com/dp/B01BKYFR7K?tag=eloabder-20&linkCode=osi&th=1&psc=1"><img src="https://m.media-amazon.com/images/I/41GYcHtJdcL._SL500_.jpg" alt="Product Image"></a><p>IAMS Proactive Health Indoor Weight Control & Hairball Care Adult Dry Cat Food, Chicken & Turkey Recipe, 7 lb. Bag</p><p> -11% 0FF </p><p>$16.97 ($2.42 / lb)</p><a href="https://www.amazon.com/dp/B01BKYFR7K?tag=eloabder-20&linkCode=osi&th=1&psc=1">View Product</a></div>
<div class="product"><a href="https://www.amazon.com/dp/B003PMQMK2?tag=eloabder-20&linkCode=osi&th=1&psc=1"><img src="https://m.media-amazon.com/images/I/51rKBA3bcNL._SL500_.jpg" alt="Product Image"></a><p>Milk-Bone MaroSnacks Small Dog Treats With Bone Marrow, 40 Ounce Container</p><p> -21% 0FF </p><p>$11.48 ($4.59 / lb)</p><a href="https://www.amazon.com/dp/B003PMQMK2?tag=eloabder-20&linkCode=osi&th=1&psc=1">View Product</a></div><div class="product"><a href="https://www.amazon.com/dp/B07BVL8TQF?tag=eloabder-20&linkCode=osi&th=1&psc=1"><img src="https://m.media-amazon.com/images/I/41V12A43ClL._SL500_.jpg" alt="Product Image"></a><p>Good ‘n’ Fun Triple Flavor Kabobs Chews for All Dogs, 24 Ounces, Treat Your Dog to Chews Made from Beef Hide, Real Chicken, Pork Hide, Duck and Chicken Liver</p><p> -27% 0FF </p><p>$15.98 ($10.65 / lb)</p><a href="https://www.amazon.com/dp/B07BVL8TQF?tag=eloabder-20&linkCode=osi&th=1&psc=1">View Product</a></div><div class="product"><a href="https://www.amazon.com/dp/B006HKA6II?tag=eloabder-20&linkCode=osi&th=1&psc=1"><img src="https://m.media-amazon.com/images/I/41sdmNauoVL._SL500_.jpg" alt="Product Image"></a><p>Milk-Bone Soft & Chewy Dog Treats, Beef & Filet Mignon Recipe, 25 Ounce</p><p> -7% 0FF </p><p>$14.48 ($9.27 / lb)</p><a href="https://www.amazon.com/dp/B006HKA6II?tag=eloabder-20&linkCode=osi&th=1&psc=1">View Product</a></div><div class="product"><a href="https://www.amazon.com/dp/B006W6YHHI?tag=eloabder-20&linkCode=osi&th=1&psc=1"><img src="https://m.media-amazon.com/images/I/51VcU1tm-7L._SL500_.jpg" alt="Product Image"></a><p>Greenies Original Regular Dental Dog Treats, 36 oz. Pack (36 Treats)</p><p> -8% 0FF </p><p>$36.97 ($16.43 / lb)</p><a href="https://www.amazon.com/dp/B006W6YHHI?tag=eloabder-20&linkCode=osi&th=1&psc=1">View Product</a></div><div class="product"><a href="https://www.amazon.com/dp/B07D323MFZ?tag=eloabder-20&linkCode=osi&th=1&psc=1"><img src="https://m.media-amazon.com/images/I/41OTio6+siL._SL500_.jpg" alt="Product Image"></a><p>INABA Churu Cat Treats, Grain-Free, Lickable, Squeezable Creamy Purée Cat Treat/Topper with Vitamin E & Taurine, 0.5 Ounces Each Tube, 50 Tubes, Tuna & Chicken Variety</p><p> -18% 0FF </p><p>$32.96 ($1.32 / Ounce)</p><a href="https://www.amazon.com/dp/B07D323MFZ?tag=eloabder-20&linkCode=osi&th=1&psc=1">View Product</a></div><div class="product"><a href="https://www.amazon.com/dp/B09MZDFLSV?tag=eloabder-20&linkCode=osi&th=1&psc=1"><img src="https://m.media-amazon.com/images/I/51mXUxhYDiL._SL500_.jpg" alt="Product Image"></a><p>Full Moon All Natural Human Grade Dog Treats, Essential Beef Savory Sticks, 22 Ounce, 1.375 Pound (Pack of 1)</p><p> -10% 0FF </p><p>$17.94 ($13.05 / lb)</p><a href="https://www.amazon.com/dp/B09MZDFLSV?tag=eloabder-20&linkCode=osi&th=1&psc=1">View Product</a></div><div class="product"><a href="https://www.amazon.com/dp/B07BVLGZW6?tag=eloabder-20&linkCode=osi&th=1&psc=1"><img src="https://m.media-amazon.com/images/I/51g5KoU0RiL._SL500_.jpg" alt="Product Image"></a><p>Good ‘n’ Fun Triple Flavor Wings Chews for All Dogs, 12 Ounces, Treat Your Dog to Long-Lasting Chews Made with Chicken, Pork Hide and Beef Hide</p><p> -27% 0FF </p><p>$10.48 ($13.97 / lb)</p><a href="https://www.amazon.com/dp/B07BVLGZW6?tag=eloabder-20&linkCode=osi&th=1&psc=1">View Product</a></div>

<div class="product"><a href="https://www.amazon.com/dp/B0FJ2NPL47?tag=eloabder-20&linkCode=osi&th=1&psc=1"><img src="https://m.media-amazon.com/images/I/51TDSHRvQDL._SL500_.jpg" alt="Product Image"></a><p>Pet Hair Removal Glove for Dogs & Cats, Newly Upgraded Reusable Electrostatic Pet Hair Gloves, Pet Hair Remover Tool for Clothing, Couch, Carpet, Car Seat</p><p> -15% 0FF </p><p>$16.99</p><a href="https://www.amazon.com/dp/B0FJ2NPL47?tag=eloabder-20&linkCode=osi&th=1&psc=1">View Product</a></div><div class="product"><a href="https://www.amazon.com/dp/B0DMWBS87F?tag=eloabder-20&linkCode=osi&th=1&psc=1"><img src="https://m.media-amazon.com/images/I/51Q8Cx4sNWL._SL500_.jpg" alt="Product Image"></a><p>Paw Science Dog Eye Wipes - Hypoallergenic Eye & Face Wipes for Dogs, Cats, & Puppy - Pet Tear Stain Remover & Cleaner - Gently Cleans & Removes Discharge, Crust, & Gunk (Coconut)</p><p> -36% 0FF </p><p>$8.99 ($0.09 / Count)</p><a href="https://www.amazon.com/dp/B0DMWBS87F?tag=eloabder-20&linkCode=osi&th=1&psc=1">View Product</a></div><div class="product"><a href="https://www.amazon.com/dp/B0FH6PZ6RZ?tag=eloabder-20&linkCode=osi&th=1&psc=1"><img src="https://m.media-amazon.com/images/I/414hJ-w970L._SL500_.jpg" alt="Product Image"></a><p>Dog Nail Grinder with 2 LED Lights Powerful 2 Speeds Super Quiet Dog Nail Trimmers with 3 Grinding Wheels Rechargeable Pet Dog Nail Clippers for Large Medium Puppy Dogs Nail File Cat Nail Clipper Blue</p><p> -5% 0FF </p><p>$18.99</p><a href="https://www.amazon.com/dp/B0FH6PZ6RZ?tag=eloabder-20&linkCode=osi&th=1&psc=1">View Product</a></div><div class="product"><a href="https://www.amazon.com/dp/B0FD9MGDKV?tag=eloabder-20&linkCode=osi&th=1&psc=1"><img src="https://m.media-amazon.com/images/I/51XGj6QgMcL._SL500_.jpg" alt="Product Image"></a><p>Pet Hair Removal Glove for Cats & Dogs, Upgraded Five-Finger Electrostatic Pet Hair Gloves, Reusable Magic Brush Pet Hair Remover Tool for Laundry, Couch, Carpet, Car Seat</p><p> -19% 0FF </p><p>$16.17</p><a href="https://www.amazon.com/dp/B0FD9MGDKV?tag=eloabder-20&linkCode=osi&th=1&psc=1">View Product</a></div>
<div class="product"><a href="https://www.amazon.com/dp/B09K8YYVWV?tag=eloabder-20&linkCode=osi&th=1&psc=1"><img src="https://m.media-amazon.com/images/I/4123dxF1ijL._SL500_.jpg" alt="Product Image"></a><p>Blue Buffalo Life Protection Formula Natural Adult Dry Dog Food, Chicken and Brown Rice 5-lb Trial Size Bag</p><p> -17% 0FF </p><p>$14.98 ($3.00 / lb)</p><a href="https://www.amazon.com/dp/B09K8YYVWV?tag=eloabder-20&linkCode=osi&th=1&psc=1">View Product</a></div><div class="product"><a href="https://www.amazon.com/dp/B0000AH3QT?tag=eloabder-20&linkCode=osi&th=1&psc=1"><img src="https://m.media-amazon.com/images/I/41FXHOzdCWL._SL500_.jpg" alt="Product Image"></a><p>Purina ONE Chicken and Rice Formula Dry Dog Food - 8 lb. Bag</p><p> -9% 0FF </p><p>$16.28 ($2.04 / Pound)</p><a href="https://www.amazon.com/dp/B0000AH3QT?tag=eloabder-20&linkCode=osi&th=1&psc=1">View Product</a></div><div class="product"><a href="https://www.amazon.com/dp/B0000AH3QW?tag=eloabder-20&linkCode=osi&th=1&psc=1"><img src="https://m.media-amazon.com/images/I/41jXsOOPPtL._SL500_.jpg" alt="Product Image"></a><p>Purina ONE Dry Dog Food Lamb and Rice Formula - 8 lb. Bag</p><p> -9% 0FF </p><p>$16.28 ($2.04 / pound)</p><a href="https://www.amazon.com/dp/B0000AH3QW?tag=eloabder-20&linkCode=osi&th=1&psc=1">View Product</a></div><div class="product"><a href="https://www.amazon.com/dp/B09K9FDLFN?tag=eloabder-20&linkCode=osi&th=1&psc=1"><img src="https://m.media-amazon.com/images/I/41fn4P3zY0L._SL500_.jpg" alt="Product Image"></a><p>Blue Buffalo Life Protection Formula Natural Adult Small Breed Dry Dog Food, Chicken and Brown Rice 5-lb Trial Size Bag</p><p> -15% 0FF </p><p>$16.98 ($3.40 / lb)</p><a href="https://www.amazon.com/dp/B09K9FDLFN?tag=eloabder-20&linkCode=osi&th=1&psc=1">View Product</a></div><div class="product"><a href="https://www.amazon.com/dp/B008NHLZ2Y?tag=eloabder-20&linkCode=osi&th=1&psc=1"><img src="https://m.media-amazon.com/images/I/51OqxCyPKTL._SL500_.jpg" alt="Product Image"></a><p>Cesar Wet Dog Food Classic Loaf in Sauce Beef Recipe, Filet Mignon, Grilled Chicken and Porterhouse Steak Variety Pack, 3.5 oz. Easy Peel Trays (24 Count, Pack of 1)</p><p> -11% 0FF </p><p>$24.94 ($1.04 / Count)</p><a href="https://www.amazon.com/dp/B008NHLZ2Y?tag=eloabder-20&linkCode=osi&th=1&psc=1">View Product</a></div><div class="product"><a href="https://www.amazon.com/dp/B00DE7WKVS?tag=eloabder-20&linkCode=osi&th=1&psc=1"><img src="https://m.media-amazon.com/images/I/514-XqvXJJL._SL500_.jpg" alt="Product Image"></a><p>Purina ONE True Instinct With A Blend Of Real Turkey and Venison Dry Dog Food - 15 lb. Bag</p><p> -9% 0FF </p><p>$32.28 ($2.15 / Pound)</p><a href="https://www.amazon.com/dp/B00DE7WKVS?tag=eloabder-20&linkCode=osi&th=1&psc=1">View Product</a></div>
<div class="product"><a href="https://www.amazon.com/dp/B007JXVR76?tag=eloabder-20&linkCode=osi&th=1&psc=1"><img src="https://m.media-amazon.com/images/I/41XRcLETtGL._SL500_.jpg" alt="Product Image"></a><p>Meow Mix Original Choice Dry Cat Food, 6.3 Pound Bag</p><p> -6% 0FF </p><p>$9.29 ($1.47 / lb)</p><a href="https://www.amazon.com/dp/B007JXVR76?tag=eloabder-20&linkCode=osi&th=1&psc=1">View Product</a></div><div class="product"><a href="https://www.amazon.com/dp/B0D9MW74TG?tag=eloabder-20&linkCode=osi&th=1&psc=1"><img src="https://m.media-amazon.com/images/I/51CSHkalU1L._SL500_.jpg" alt="Product Image"></a><p>Meow Mix Gravy Bursts Dry Cat Food, Chicken, 3 LB Bag</p><p> -16% 0FF </p><p>$5.72 ($1.91 / lb)</p><a href="https://www.amazon.com/dp/B0D9MW74TG?tag=eloabder-20&linkCode=osi&th=1&psc=1">View Product</a></div><div class="product"><a href="https://www.amazon.com/dp/B01H3OA7KI?tag=eloabder-20&linkCode=osi&th=1&psc=1"><img src="https://m.media-amazon.com/images/I/51vds1pph5L._SL500_.jpg" alt="Product Image"></a><p>Purina Cat Chow Hairball, Healthy Weight, Indoor, Natural Dry Cat Food, Naturals Indoor - 13 lb. Bag</p><p> -6% 0FF </p><p>$16.99 ($1.31 / lb)</p><a href="https://www.amazon.com/dp/B01H3OA7KI?tag=eloabder-20&linkCode=osi&th=1&psc=1">View Product</a></div><div class="product"><a href="https://www.amazon.com/dp/B01BKYFR7K?tag=eloabder-20&linkCode=osi&th=1&psc=1"><img src="https://m.media-amazon.com/images/I/41GYcHtJdcL._SL500_.jpg" alt="Product Image"></a><p>IAMS Proactive Health Indoor Weight Control & Hairball Care Adult Dry Cat Food, Chicken & Turkey Recipe, 7 lb. Bag</p><p> -11% 0FF </p><p>$16.97 ($2.42 / lb)</p><a href="https://www.amazon.com/dp/B01BKYFR7K?tag=eloabder-20&linkCode=osi&th=1&psc=1">View Product</a></div>
<div class="product"><a href="https://www.amazon.com/dp/B003PMQMK2?tag=eloabder-20&linkCode=osi&th=1&psc=1"><img src="https://m.media-amazon.com/images/I/51rKBA3bcNL._SL500_.jpg" alt="Product Image"></a><p>Milk-Bone MaroSnacks Small Dog Treats With Bone Marrow, 40 Ounce Container</p><p> -21% 0FF </p><p>$11.48 ($4.59 / lb)</p><a href="https://www.amazon.com/dp/B003PMQMK2?tag=eloabder-20&linkCode=osi&th=1&psc=1">View Product</a></div><div class="product"><a href="https://www.amazon.com/dp/B07BVL8TQF?tag=eloabder-20&linkCode=osi&th=1&psc=1"><img src="https://m.media-amazon.com/images/I/41V12A43ClL._SL500_.jpg" alt="Product Image"></a><p>Good ‘n’ Fun Triple Flavor Kabobs Chews for All Dogs, 24 Ounces, Treat Your Dog to Chews Made from Beef Hide, Real Chicken, Pork Hide, Duck and Chicken Liver</p><p> -27% 0FF </p><p>$15.98 ($10.65 / lb)</p><a href="https://www.amazon.com/dp/B07BVL8TQF?tag=eloabder-20&linkCode=osi&th=1&psc=1">View Product</a></div><div class="product"><a href="https://www.amazon.com/dp/B006HKA6II?tag=eloabder-20&linkCode=osi&th=1&psc=1"><img src="https://m.media-amazon.com/images/I/41sdmNauoVL._SL500_.jpg" alt="Product Image"></a><p>Milk-Bone Soft & Chewy Dog Treats, Beef & Filet Mignon Recipe, 25 Ounce</p><p> -7% 0FF </p><p>$14.48 ($9.27 / lb)</p><a href="https://www.amazon.com/dp/B006HKA6II?tag=eloabder-20&linkCode=osi&th=1&psc=1">View Product</a></div><div class="product"><a href="https://www.amazon.com/dp/B006W6YHHI?tag=eloabder-20&linkCode=osi&th=1&psc=1"><img src="https://m.media-amazon.com/images/I/51VcU1tm-7L._SL500_.jpg" alt="Product Image"></a><p>Greenies Original Regular Dental Dog Treats, 36 oz. Pack (36 Treats)</p><p> -8% 0FF </p><p>$36.97 ($16.43 / lb)</p><a href="https://www.amazon.com/dp/B006W6YHHI?tag=eloabder-20&linkCode=osi&th=1&psc=1">View Product</a></div><div class="product"><a href="https://www.amazon.com/dp/B07D323MFZ?tag=eloabder-20&linkCode=osi&th=1&psc=1"><img src="https://m.media-amazon.com/images/I/41OTio6+siL._SL500_.jpg" alt="Product Image"></a><p>INABA Churu Cat Treats, Grain-Free, Lickable, Squeezable Creamy Purée Cat Treat/Topper with Vitamin E & Taurine, 0.5 Ounces Each Tube, 50 Tubes, Tuna & Chicken Variety</p><p> -18% 0FF </p><p>$32.96 ($1.32 / Ounce)</p><a href="https://www.amazon.com/dp/B07D323MFZ?tag=eloabder-20&linkCode=osi&th=1&psc=1">View Product</a></div><div class="product"><a href="https://www.amazon.com/dp/B09MZDFLSV?tag=eloabder-20&linkCode=osi&th=1&psc=1"><img src="https://m.media-amazon.com/images/I/51mXUxhYDiL._SL500_.jpg" alt="Product Image"></a><p>Full Moon All Natural Human Grade Dog Treats, Essential Beef Savory Sticks, 22 Ounce, 1.375 Pound (Pack of 1)</p><p> -10% 0FF </p><p>$17.94 ($13.05 / lb)</p><a href="https://www.amazon.com/dp/B09MZDFLSV?tag=eloabder-20&linkCode=osi&th=1&psc=1">View Product</a></div><div class="product"><a href="https://www.amazon.com/dp/B07BVLGZW6?tag=eloabder-20&linkCode=osi&th=1&psc=1"><img src="https://m.media-amazon.com/images/I/51g5KoU0RiL._SL500_.jpg" alt="Product Image"></a><p>Good ‘n’ Fun Triple Flavor Wings Chews for All Dogs, 12 Ounces, Treat Your Dog to Long-Lasting Chews Made with Chicken, Pork Hide and Beef Hide</p><p> -27% 0FF </p><p>$10.48 ($13.97 / lb)</p><a href="https://www.amazon.com/dp/B07BVLGZW6?tag=eloabder-20&linkCode=osi&th=1&psc=1">View Product</a></div>
<div class="product"><a href="https://www.amazon.com/dp/B01EX0H12M?tag=eloabder-20&linkCode=osi&th=1&psc=1"><img src="https://m.media-amazon.com/images/I/41tpUtk3FGL._SL500_.jpg" alt="Product Image"></a><p>Full Moon Chicken Jerky Healthy All Natural Dog Treats Human Grade Made in USA Grain Free, 1.5 Pound (Pack of 1)</p><p> -19% 0FF </p><p>$26.44 ($17.63 / lb)</p><a href="https://www.amazon.com/dp/B01EX0H12M?tag=eloabder-20&linkCode=osi&th=1&psc=1">View Product</a></div>

<div class="product"><a href="https://www.amazon.com/dp/B0FJ2NPL47?tag=eloabder-20&linkCode=osi&th=1&psc=1"><img src="https://m.media-amazon.com/images/I/51TDSHRvQDL._SL500_.jpg" alt="Product Image"></a><p>Pet Hair Removal Glove for Dogs & Cats, Newly Upgraded Reusable Electrostatic Pet Hair Gloves, Pet Hair Remover Tool for Clothing, Couch, Carpet, Car Seat</p><p> -15% 0FF </p><p>$16.99</p><a href="https://www.amazon.com/dp/B0FJ2NPL47?tag=eloabder-20&linkCode=osi&th=1&psc=1">View Product</a></div><div class="product"><a href="https://www.amazon.com/dp/B0DMWBS87F?tag=eloabder-20&linkCode=osi&th=1&psc=1"><img src="https://m.media-amazon.com/images/I/51Q8Cx4sNWL._SL500_.jpg" alt="Product Image"></a><p>Paw Science Dog Eye Wipes - Hypoallergenic Eye & Face Wipes for Dogs, Cats, & Puppy - Pet Tear Stain Remover & Cleaner - Gently Cleans & Removes Discharge, Crust, & Gunk (Coconut)</p><p> -36% 0FF </p><p>$8.99 ($0.09 / Count)</p><a href="https://www.amazon.com/dp/B0DMWBS87F?tag=eloabder-20&linkCode=osi&th=1&psc=1">View Product</a></div><div class="product"><a href="https://www.amazon.com/dp/B0FH6PZ6RZ?tag=eloabder-20&linkCode=osi&th=1&psc=1"><img src="https://m.media-amazon.com/images/I/414hJ-w970L._SL500_.jpg" alt="Product Image"></a><p>Dog Nail Grinder with 2 LED Lights Powerful 2 Speeds Super Quiet Dog Nail Trimmers with 3 Grinding Wheels Rechargeable Pet Dog Nail Clippers for Large Medium Puppy Dogs Nail File Cat Nail Clipper Blue</p><p> -5% 0FF </p><p>$18.99</p><a href="https://www.amazon.com/dp/B0FH6PZ6RZ?tag=eloabder-20&linkCode=osi&th=1&psc=1">View Product</a></div><div class="product"><a href="https://www.amazon.com/dp/B0FD9MGDKV?tag=eloabder-20&linkCode=osi&th=1&psc=1"><img src="https://m.media-amazon.com/images/I/51XGj6QgMcL._SL500_.jpg" alt="Product Image"></a><p>Pet Hair Removal Glove for Cats & Dogs, Upgraded Five-Finger Electrostatic Pet Hair Gloves, Reusable Magic Brush Pet Hair Remover Tool for Laundry, Couch, Carpet, Car Seat</p><p> -19% 0FF </p><p>$16.17</p><a href="https://www.amazon.com/dp/B0FD9MGDKV?tag=eloabder-20&linkCode=osi&th=1&psc=1">View Product</a></div>
<div class="product"><a href="https://www.amazon.com/dp/B09K8YYVWV?tag=eloabder-20&linkCode=osi&th=1&psc=1"><img src="https://m.media-amazon.com/images/I/4123dxF1ijL._SL500_.jpg" alt="Product Image"></a><p>Blue Buffalo Life Protection Formula Natural Adult Dry Dog Food, Chicken and Brown Rice 5-lb Trial Size Bag</p><p> -17% 0FF </p><p>$14.98 ($3.00 / lb)</p><a href="https://www.amazon.com/dp/B09K8YYVWV?tag=eloabder-20&linkCode=osi&th=1&psc=1">View Product</a></div><div class="product"><a href="https://www.amazon.com/dp/B0000AH3QT?tag=eloabder-20&linkCode=osi&th=1&psc=1"><img src="https://m.media-amazon.com/images/I/41FXHOzdCWL._SL500_.jpg" alt="Product Image"></a><p>Purina ONE Chicken and Rice Formula Dry Dog Food - 8 lb. Bag</p><p> -9% 0FF </p><p>$16.28 ($2.04 / Pound)</p><a href="https://www.amazon.com/dp/B0000AH3QT?tag=eloabder-20&linkCode=osi&th=1&psc=1">View Product</a></div><div class="product"><a href="https://www.amazon.com/dp/B0000AH3QW?tag=eloabder-20&linkCode=osi&th=1&psc=1"><img src="https://m.media-amazon.com/images/I/41jXsOOPPtL._SL500_.jpg" alt="Product Image"></a><p>Purina ONE Dry Dog Food Lamb and Rice Formula - 8 lb. Bag</p><p> -9% 0FF </p><p>$16.28 ($2.04 / pound)</p><a href="https://www.amazon.com/dp/B0000AH3QW?tag=eloabder-20&linkCode=osi&th=1&psc=1">View Product</a></div><div class="product"><a href="https://www.amazon.com/dp/B09K9FDLFN?tag=eloabder-20&linkCode=osi&th=1&psc=1"><img src="https://m.media-amazon.com/images/I/41fn4P3zY0L._SL500_.jpg" alt="Product Image"></a><p>Blue Buffalo Life Protection Formula Natural Adult Small Breed Dry Dog Food, Chicken and Brown Rice 5-lb Trial Size Bag</p><p> -15% 0FF </p><p>$16.98 ($3.40 / lb)</p><a href="https://www.amazon.com/dp/B09K9FDLFN?tag=eloabder-20&linkCode=osi&th=1&psc=1">View Product</a></div><div class="product"><a href="https://www.amazon.com/dp/B008NHLZ2Y?tag=eloabder-20&linkCode=osi&th=1&psc=1"><img src="https://m.media-amazon.com/images/I/51OqxCyPKTL._SL500_.jpg" alt="Product Image"></a><p>Cesar Wet Dog Food Classic Loaf in Sauce Beef Recipe, Filet Mignon, Grilled Chicken and Porterhouse Steak Variety Pack, 3.5 oz. Easy Peel Trays (24 Count, Pack of 1)</p><p> -11% 0FF </p><p>$24.94 ($1.04 / Count)</p><a href="https://www.amazon.com/dp/B008NHLZ2Y?tag=eloabder-20&linkCode=osi&th=1&psc=1">View Product</a></div><div class="product"><a href="https://www.amazon.com/dp/B00DE7WKVS?tag=eloabder-20&linkCode=osi&th=1&psc=1"><img src="https://m.media-amazon.com/images/I/514-XqvXJJL._SL500_.jpg" alt="Product Image"></a><p>Purina ONE True Instinct With A Blend Of Real Turkey and Venison Dry Dog Food - 15 lb. Bag</p><p> -9% 0FF </p><p>$32.28 ($2.15 / Pound)</p><a href="https://www.amazon.com/dp/B00DE7WKVS?tag=eloabder-20&linkCode=osi&th=1&psc=1">View Product</a></div>
<div class="product"><a href="https://www.amazon.com/dp/B007JXVR76?tag=eloabder-20&linkCode=osi&th=1&psc=1"><img src="https://m.media-amazon.com/images/I/41XRcLETtGL._SL500_.jpg" alt="Product Image"></a><p>Meow Mix Original Choice Dry Cat Food, 6.3 Pound Bag</p><p> -6% 0FF </p><p>$9.29 ($1.47 / lb)</p><a href="https://www.amazon.com/dp/B007JXVR76?tag=eloabder-20&linkCode=osi&th=1&psc=1">View Product</a></div><div class="product"><a href="https://www.amazon.com/dp/B0D9MW74TG?tag=eloabder-20&linkCode=osi&th=1&psc=1"><img src="https://m.media-amazon.com/images/I/51CSHkalU1L._SL500_.jpg" alt="Product Image"></a><p>Meow Mix Gravy Bursts Dry Cat Food, Chicken, 3 LB Bag</p><p> -16% 0FF </p><p>$5.72 ($1.91 / lb)</p><a href="https://www.amazon.com/dp/B0D9MW74TG?tag=eloabder-20&linkCode=osi&th=1&psc=1">View Product</a></div><div class="product"><a href="https://www.amazon.com/dp/B01H3OA7KI?tag=eloabder-20&linkCode=osi&th=1&psc=1"><img src="https://m.media-amazon.com/images/I/51vds1pph5L._SL500_.jpg" alt="Product Image"></a><p>Purina Cat Chow Hairball, Healthy Weight, Indoor, Natural Dry Cat Food, Naturals Indoor - 13 lb. Bag</p><p> -6% 0FF </p><p>$16.99 ($1.31 / lb)</p><a href="https://www.amazon.com/dp/B01H3OA7KI?tag=eloabder-20&linkCode=osi&th=1&psc=1">View Product</a></div><div class="product"><a href="https://www.amazon.com/dp/B01BKYFR7K?tag=eloabder-20&linkCode=osi&th=1&psc=1"><img src="https://m.media-amazon.com/images/I/41GYcHtJdcL._SL500_.jpg" alt="Product Image"></a><p>IAMS Proactive Health Indoor Weight Control & Hairball Care Adult Dry Cat Food, Chicken & Turkey Recipe, 7 lb. Bag</p><p> -11% 0FF </p><p>$16.97 ($2.42 / lb)</p><a href="https://www.amazon.com/dp/B01BKYFR7K?tag=eloabder-20&linkCode=osi&th=1&psc=1">View Product</a></div>
<div class="product"><a href="https://www.amazon.com/dp/B003PMQMK2?tag=eloabder-20&linkCode=osi&th=1&psc=1"><img src="https://m.media-amazon.com/images/I/51rKBA3bcNL._SL500_.jpg" alt="Product Image"></a><p>Milk-Bone MaroSnacks Small Dog Treats With Bone Marrow, 40 Ounce Container</p><p> -21% 0FF </p><p>$11.48 ($4.59 / lb)</p><a href="https://www.amazon.com/dp/B003PMQMK2?tag=eloabder-20&linkCode=osi&th=1&psc=1">View Product</a></div><div class="product"><a href="https://www.amazon.com/dp/B07BVL8TQF?tag=eloabder-20&linkCode=osi&th=1&psc=1"><img src="https://m.media-amazon.com/images/I/41V12A43ClL._SL500_.jpg" alt="Product Image"></a><p>Good ‘n’ Fun Triple Flavor Kabobs Chews for All Dogs, 24 Ounces, Treat Your Dog to Chews Made from Beef Hide, Real Chicken, Pork Hide, Duck and Chicken Liver</p><p> -27% 0FF </p><p>$15.98 ($10.65 / lb)</p><a href="https://www.amazon.com/dp/B07BVL8TQF?tag=eloabder-20&linkCode=osi&th=1&psc=1">View Product</a></div><div class="product"><a href="https://www.amazon.com/dp/B006HKA6II?tag=eloabder-20&linkCode=osi&th=1&psc=1"><img src="https://m.media-amazon.com/images/I/41sdmNauoVL._SL500_.jpg" alt="Product Image"></a><p>Milk-Bone Soft & Chewy Dog Treats, Beef & Filet Mignon Recipe, 25 Ounce</p><p> -7% 0FF </p><p>$14.48 ($9.27 / lb)</p><a href="https://www.amazon.com/dp/B006HKA6II?tag=eloabder-20&linkCode=osi&th=1&psc=1">View Product</a></div><div class="product"><a href="https://www.amazon.com/dp/B006W6YHHI?tag=eloabder-20&linkCode=osi&th=1&psc=1"><img src="https://m.media-amazon.com/images/I/51VcU1tm-7L._SL500_.jpg" alt="Product Image"></a><p>Greenies Original Regular Dental Dog Treats, 36 oz. Pack (36 Treats)</p><p> -8% 0FF </p><p>$36.97 ($16.43 / lb)</p><a href="https://www.amazon.com/dp/B006W6YHHI?tag=eloabder-20&linkCode=osi&th=1&psc=1">View Product</a></div><div class="product"><a href="https://www.amazon.com/dp/B07D323MFZ?tag=eloabder-20&linkCode=osi&th=1&psc=1"><img src="https://m.media-amazon.com/images/I/41OTio6+siL._SL500_.jpg" alt="Product Image"></a><p>INABA Churu Cat Treats, Grain-Free, Lickable, Squeezable Creamy Purée Cat Treat/Topper with Vitamin E & Taurine, 0.5 Ounces Each Tube, 50 Tubes, Tuna & Chicken Variety</p><p> -18% 0FF </p><p>$32.96 ($1.32 / Ounce)</p><a href="https://www.amazon.com/dp/B07D323MFZ?tag=eloabder-20&linkCode=osi&th=1&psc=1">View Product</a></div><div class="product"><a href="https://www.amazon.com/dp/B09MZDFLSV?tag=eloabder-20&linkCode=osi&th=1&psc=1"><img src="https://m.media-amazon.com/images/I/51mXUxhYDiL._SL500_.jpg" alt="Product Image"></a><p>Full Moon All Natural Human Grade Dog Treats, Essential Beef Savory Sticks, 22 Ounce, 1.375 Pound (Pack of 1)</p><p> -10% 0FF </p><p>$17.94 ($13.05 / lb)</p><a href="https://www.amazon.com/dp/B09MZDFLSV?tag=eloabder-20&linkCode=osi&th=1&psc=1">View Product</a></div><div class="product"><a href="https://www.amazon.com/dp/B07BVLGZW6?tag=eloabder-20&linkCode=osi&th=1&psc=1"><img src="https://m.media-amazon.com/images/I/51g5KoU0RiL._SL500_.jpg" alt="Product Image"></a><p>Good ‘n’ Fun Triple Flavor Wings Chews for All Dogs, 12 Ounces, Treat Your Dog to Long-Lasting Chews Made with Chicken, Pork Hide and Beef Hide</p><p> -27% 0FF </p><p>$10.48 ($13.97 / lb)</p><a href="https://www.amazon.com/dp/B07BVLGZW6?tag=eloabder-20&linkCode=osi&th=1&psc=1">View Product</a></div>
<div class="product"><a href="https://www.amazon.com/dp/B01EX0H12M?tag=eloabder-20&linkCode=osi&th=1&psc=1"><img src="https://m.media-amazon.com/images/I/41tpUtk3FGL._SL500_.jpg" alt="Product Image"></a><p>Full Moon Chicken Jerky Healthy All Natural Dog Treats Human Grade Made in USA Grain Free, 1.5 Pound (Pack of 1)</p><p> -19% 0FF </p><p>$26.44 ($17.63 / lb)</p><a href="https://www.amazon.com/dp/B01EX0H12M?tag=eloabder-20&linkCode=osi&th=1&psc=1">View Product</a></div>
<div class="product"><a href="https://www.amazon.com/dp/B07BTRHM75?tag=eloabder-20&linkCode=osi&th=1&psc=1"><img src="https://m.media-amazon.com/images/I/51yN5sax9BL._SL500_.jpg" alt="Product Image"></a><p>Delectables Bisque Lickable Wet Cat Treats - Chicken, Tuna & Shrimp, 12 count</p><p> -9% 0FF </p><p>$12.94 ($0.77 / Ounce)</p><a href="https://www.amazon.com/dp/B07BTRHM75?tag=eloabder-20&linkCode=osi&th=1&psc=1">View Product</a></div><div class="product"><a href="https://www.amazon.com/dp/B00M0FK8UU?tag=eloabder-20&linkCode=osi&th=1&psc=1"><img src="https://m.media-amazon.com/images/I/517+RuVAECL._SL500_.jpg" alt="Product Image"></a><p>Temptations MixUps Surfer's Delight Flavor Crunchy and Soft Cat Treats, 16 oz. Tub</p><p> -8% 0FF </p><p>$7.80 ($0.49 / Ounce)</p><a href="https://www.amazon.com/dp/B00M0FK8UU?tag=eloabder-20&linkCode=osi&th=1&psc=1">View Product</a></div><div class="product"><a href="https://www.amazon.com/dp/B07KGXQ1WC?tag=eloabder-20&linkCode=osi&th=1&psc=1"><img src="https://m.media-amazon.com/images/I/51lx-r6UP1L._SL500_.jpg" alt="Product Image"></a><p>Temptations Classic Crunchy and Soft Cat Treats, Shrimpy Shrimp Flavor, 16 oz. Tub</p><p> -25% 0FF </p><p>$6.36 ($0.40 / Ounce)</p><a href="https://www.amazon.com/dp/B07KGXQ1WC?tag=eloabder-20&linkCode=osi&th=1&psc=1">View Product</a></div>

<div class="product"><a href="https://www.amazon.com/dp/B0FJ2NPL47?tag=eloabder-20&linkCode=osi&th=1&psc=1"><img src="https://m.media-amazon.com/images/I/51TDSHRvQDL._SL500_.jpg" alt="Product Image"></a><p>Pet Hair Removal Glove for Dogs & Cats, Newly Upgraded Reusable Electrostatic Pet Hair Gloves, Pet Hair Remover Tool for Clothing, Couch, Carpet, Car Seat</p><p> -15% 0FF </p><p>$16.99</p><a href="https://www.amazon.com/dp/B0FJ2NPL47?tag=eloabder-20&linkCode=osi&th=1&psc=1">View Product</a></div><div class="product"><a href="https://www.amazon.com/dp/B0DMWBS87F?tag=eloabder-20&linkCode=osi&th=1&psc=1"><img src="https://m.media-amazon.com/images/I/51Q8Cx4sNWL._SL500_.jpg" alt="Product Image"></a><p>Paw Science Dog Eye Wipes - Hypoallergenic Eye & Face Wipes for Dogs, Cats, & Puppy - Pet Tear Stain Remover & Cleaner - Gently Cleans & Removes Discharge, Crust, & Gunk (Coconut)</p><p> -36% 0FF </p><p>$8.99 ($0.09 / Count)</p><a href="https://www.amazon.com/dp/B0DMWBS87F?tag=eloabder-20&linkCode=osi&th=1&psc=1">View Product</a></div><div class="product"><a href="https://www.amazon.com/dp/B0FH6PZ6RZ?tag=eloabder-20&linkCode=osi&th=1&psc=1"><img src="https://m.media-amazon.com/images/I/414hJ-w970L._SL500_.jpg" alt="Product Image"></a><p>Dog Nail Grinder with 2 LED Lights Powerful 2 Speeds Super Quiet Dog Nail Trimmers with 3 Grinding Wheels Rechargeable Pet Dog Nail Clippers for Large Medium Puppy Dogs Nail File Cat Nail Clipper Blue</p><p> -5% 0FF </p><p>$18.99</p><a href="https://www.amazon.com/dp/B0FH6PZ6RZ?tag=eloabder-20&linkCode=osi&th=1&psc=1">View Product</a></div><div class="product"><a href="https://www.amazon.com/dp/B0FD9MGDKV?tag=eloabder-20&linkCode=osi&th=1&psc=1"><img src="https://m.media-amazon.com/images/I/51XGj6QgMcL._SL500_.jpg" alt="Product Image"></a><p>Pet Hair Removal Glove for Cats & Dogs, Upgraded Five-Finger Electrostatic Pet Hair Gloves, Reusable Magic Brush Pet Hair Remover Tool for Laundry, Couch, Carpet, Car Seat</p><p> -19% 0FF </p><p>$16.17</p><a href="https://www.amazon.com/dp/B0FD9MGDKV?tag=eloabder-20&linkCode=osi&th=1&psc=1">View Product</a></div>
<div class="product"><a href="https://www.amazon.com/dp/B09K8YYVWV?tag=eloabder-20&linkCode=osi&th=1&psc=1"><img src="https://m.media-amazon.com/images/I/4123dxF1ijL._SL500_.jpg" alt="Product Image"></a><p>Blue Buffalo Life Protection Formula Natural Adult Dry Dog Food, Chicken and Brown Rice 5-lb Trial Size Bag</p><p> -17% 0FF </p><p>$14.98 ($3.00 / lb)</p><a href="https://www.amazon.com/dp/B09K8YYVWV?tag=eloabder-20&linkCode=osi&th=1&psc=1">View Product</a></div><div class="product"><a href="https://www.amazon.com/dp/B0000AH3QT?tag=eloabder-20&linkCode=osi&th=1&psc=1"><img src="https://m.media-amazon.com/images/I/41FXHOzdCWL._SL500_.jpg" alt="Product Image"></a><p>Purina ONE Chicken and Rice Formula Dry Dog Food - 8 lb. Bag</p><p> -9% 0FF </p><p>$16.28 ($2.04 / Pound)</p><a href="https://www.amazon.com/dp/B0000AH3QT?tag=eloabder-20&linkCode=osi&th=1&psc=1">View Product</a></div><div class="product"><a href="https://www.amazon.com/dp/B0000AH3QW?tag=eloabder-20&linkCode=osi&th=1&psc=1"><img src="https://m.media-amazon.com/images/I/41jXsOOPPtL._SL500_.jpg" alt="Product Image"></a><p>Purina ONE Dry Dog Food Lamb and Rice Formula - 8 lb. Bag</p><p> -9% 0FF </p><p>$16.28 ($2.04 / pound)</p><a href="https://www.amazon.com/dp/B0000AH3QW?tag=eloabder-20&linkCode=osi&th=1&psc=1">View Product</a></div><div class="product"><a href="https://www.amazon.com/dp/B09K9FDLFN?tag=eloabder-20&linkCode=osi&th=1&psc=1"><img src="https://m.media-amazon.com/images/I/41fn4P3zY0L._SL500_.jpg" alt="Product Image"></a><p>Blue Buffalo Life Protection Formula Natural Adult Small Breed Dry Dog Food, Chicken and Brown Rice 5-lb Trial Size Bag</p><p> -15% 0FF </p><p>$16.98 ($3.40 / lb)</p><a href="https://www.amazon.com/dp/B09K9FDLFN?tag=eloabder-20&linkCode=osi&th=1&psc=1">View Product</a></div><div class="product"><a href="https://www.amazon.com/dp/B008NHLZ2Y?tag=eloabder-20&linkCode=osi&th=1&psc=1"><img src="https://m.media-amazon.com/images/I/51OqxCyPKTL._SL500_.jpg" alt="Product Image"></a><p>Cesar Wet Dog Food Classic Loaf in Sauce Beef Recipe, Filet Mignon, Grilled Chicken and Porterhouse Steak Variety Pack, 3.5 oz. Easy Peel Trays (24 Count, Pack of 1)</p><p> -11% 0FF </p><p>$24.94 ($1.04 / Count)</p><a href="https://www.amazon.com/dp/B008NHLZ2Y?tag=eloabder-20&linkCode=osi&th=1&psc=1">View Product</a></div><div class="product"><a href="https://www.amazon.com/dp/B00DE7WKVS?tag=eloabder-20&linkCode=osi&th=1&psc=1"><img src="https://m.media-amazon.com/images/I/514-XqvXJJL._SL500_.jpg" alt="Product Image"></a><p>Purina ONE True Instinct With A Blend Of Real Turkey and Venison Dry Dog Food - 15 lb. Bag</p><p> -9% 0FF </p><p>$32.28 ($2.15 / Pound)</p><a href="https://www.amazon.com/dp/B00DE7WKVS?tag=eloabder-20&linkCode=osi&th=1&psc=1">View Product</a></div>
<div class="product"><a href="https://www.amazon.com/dp/B007JXVR76?tag=eloabder-20&linkCode=osi&th=1&psc=1"><img src="https://m.media-amazon.com/images/I/41XRcLETtGL._SL500_.jpg" alt="Product Image"></a><p>Meow Mix Original Choice Dry Cat Food, 6.3 Pound Bag</p><p> -6% 0FF </p><p>$9.29 ($1.47 / lb)</p><a href="https://www.amazon.com/dp/B007JXVR76?tag=eloabder-20&linkCode=osi&th=1&psc=1">View Product</a></div><div class="product"><a href="https://www.amazon.com/dp/B0D9MW74TG?tag=eloabder-20&linkCode=osi&th=1&psc=1"><img src="https://m.media-amazon.com/images/I/51CSHkalU1L._SL500_.jpg" alt="Product Image"></a><p>Meow Mix Gravy Bursts Dry Cat Food, Chicken, 3 LB Bag</p><p> -16% 0FF </p><p>$5.72 ($1.91 / lb)</p><a href="https://www.amazon.com/dp/B0D9MW74TG?tag=eloabder-20&linkCode=osi&th=1&psc=1">View Product</a></div><div class="product"><a href="https://www.amazon.com/dp/B01H3OA7KI?tag=eloabder-20&linkCode=osi&th=1&psc=1"><img src="https://m.media-amazon.com/images/I/51vds1pph5L._SL500_.jpg" alt="Product Image"></a><p>Purina Cat Chow Hairball, Healthy Weight, Indoor, Natural Dry Cat Food, Naturals Indoor - 13 lb. Bag</p><p> -6% 0FF </p><p>$16.99 ($1.31 / lb)</p><a href="https://www.amazon.com/dp/B01H3OA7KI?tag=eloabder-20&linkCode=osi&th=1&psc=1">View Product</a></div><div class="product"><a href="https://www.amazon.com/dp/B01BKYFR7K?tag=eloabder-20&linkCode=osi&th=1&psc=1"><img src="https://m.media-amazon.com/images/I/41GYcHtJdcL._SL500_.jpg" alt="Product Image"></a><p>IAMS Proactive Health Indoor Weight Control & Hairball Care Adult Dry Cat Food, Chicken & Turkey Recipe, 7 lb. Bag</p><p> -11% 0FF </p><p>$16.97 ($2.42 / lb)</p><a href="https://www.amazon.com/dp/B01BKYFR7K?tag=eloabder-20&linkCode=osi&th=1&psc=1">View Product</a></div>
<div class="product"><a href="https://www.amazon.com/dp/B003PMQMK2?tag=eloabder-20&linkCode=osi&th=1&psc=1"><img src="https://m.media-amazon.com/images/I/51rKBA3bcNL._SL500_.jpg" alt="Product Image"></a><p>Milk-Bone MaroSnacks Small Dog Treats With Bone Marrow, 40 Ounce Container</p><p> -21% 0FF </p><p>$11.48 ($4.59 / lb)</p><a href="https://www.amazon.com/dp/B003PMQMK2?tag=eloabder-20&linkCode=osi&th=1&psc=1">View Product</a></div><div class="product"><a href="https://www.amazon.com/dp/B07BVL8TQF?tag=eloabder-20&linkCode=osi&th=1&psc=1"><img src="https://m.media-amazon.com/images/I/41V12A43ClL._SL500_.jpg" alt="Product Image"></a><p>Good ‘n’ Fun Triple Flavor Kabobs Chews for All Dogs, 24 Ounces, Treat Your Dog to Chews Made from Beef Hide, Real Chicken, Pork Hide, Duck and Chicken Liver</p><p> -27% 0FF </p><p>$15.98 ($10.65 / lb)</p><a href="https://www.amazon.com/dp/B07BVL8TQF?tag=eloabder-20&linkCode=osi&th=1&psc=1">View Product</a></div><div class="product"><a href="https://www.amazon.com/dp/B006HKA6II?tag=eloabder-20&linkCode=osi&th=1&psc=1"><img src="https://m.media-amazon.com/images/I/41sdmNauoVL._SL500_.jpg" alt="Product Image"></a><p>Milk-Bone Soft & Chewy Dog Treats, Beef & Filet Mignon Recipe, 25 Ounce</p><p> -7% 0FF </p><p>$14.48 ($9.27 / lb)</p><a href="https://www.amazon.com/dp/B006HKA6II?tag=eloabder-20&linkCode=osi&th=1&psc=1">View Product</a></div><div class="product"><a href="https://www.amazon.com/dp/B006W6YHHI?tag=eloabder-20&linkCode=osi&th=1&psc=1"><img src="https://m.media-amazon.com/images/I/51VcU1tm-7L._SL500_.jpg" alt="Product Image"></a><p>Greenies Original Regular Dental Dog Treats, 36 oz. Pack (36 Treats)</p><p> -8% 0FF </p><p>$36.97 ($16.43 / lb)</p><a href="https://www.amazon.com/dp/B006W6YHHI?tag=eloabder-20&linkCode=osi&th=1&psc=1">View Product</a></div><div class="product"><a href="https://www.amazon.com/dp/B07D323MFZ?tag=eloabder-20&linkCode=osi&th=1&psc=1"><img src="https://m.media-amazon.com/images/I/41OTio6+siL._SL500_.jpg" alt="Product Image"></a><p>INABA Churu Cat Treats, Grain-Free, Lickable, Squeezable Creamy Purée Cat Treat/Topper with Vitamin E & Taurine, 0.5 Ounces Each Tube, 50 Tubes, Tuna & Chicken Variety</p><p> -18% 0FF </p><p>$32.96 ($1.32 / Ounce)</p><a href="https://www.amazon.com/dp/B07D323MFZ?tag=eloabder-20&linkCode=osi&th=1&psc=1">View Product</a></div><div class="product"><a href="https://www.amazon.com/dp/B09MZDFLSV?tag=eloabder-20&linkCode=osi&th=1&psc=1"><img src="https://m.media-amazon.com/images/I/51mXUxhYDiL._SL500_.jpg" alt="Product Image"></a><p>Full Moon All Natural Human Grade Dog Treats, Essential Beef Savory Sticks, 22 Ounce, 1.375 Pound (Pack of 1)</p><p> -10% 0FF </p><p>$17.94 ($13.05 / lb)</p><a href="https://www.amazon.com/dp/B09MZDFLSV?tag=eloabder-20&linkCode=osi&th=1&psc=1">View Product</a></div><div class="product"><a href="https://www.amazon.com/dp/B07BVLGZW6?tag=eloabder-20&linkCode=osi&th=1&psc=1"><img src="https://m.media-amazon.com/images/I/51g5KoU0RiL._SL500_.jpg" alt="Product Image"></a><p>Good ‘n’ Fun Triple Flavor Wings Chews for All Dogs, 12 Ounces, Treat Your Dog to Long-Lasting Chews Made with Chicken, Pork Hide and Beef Hide</p><p> -27% 0FF </p><p>$10.48 ($13.97 / lb)</p><a href="https://www.amazon.com/dp/B07BVLGZW6?tag=eloabder-20&linkCode=osi&th=1&psc=1">View Product</a></div>
<div class="product"><a href="https://www.amazon.com/dp/B01EX0H12M?tag=eloabder-20&linkCode=osi&th=1&psc=1"><img src="https://m.media-amazon.com/images/I/41tpUtk3FGL._SL500_.jpg" alt="Product Image"></a><p>Full Moon Chicken Jerky Healthy All Natural Dog Treats Human Grade Made in USA Grain Free, 1.5 Pound (Pack of 1)</p><p> -19% 0FF </p><p>$26.44 ($17.63 / lb)</p><a href="https://www.amazon.com/dp/B01EX0H12M?tag=eloabder-20&linkCode=osi&th=1&psc=1">View Product</a></div>
<div class="product"><a href="https://www.amazon.com/dp/B07BTRHM75?tag=eloabder-20&linkCode=osi&th=1&psc=1"><img src="https://m.media-amazon.com/images/I/51yN5sax9BL._SL500_.jpg" alt="Product Image"></a><p>Delectables Bisque Lickable Wet Cat Treats - Chicken, Tuna & Shrimp, 12 count</p><p> -9% 0FF </p><p>$12.94 ($0.77 / Ounce)</p><a href="https://www.amazon.com/dp/B07BTRHM75?tag=eloabder-20&linkCode=osi&th=1&psc=1">View Product</a></div><div class="product"><a href="https://www.amazon.com/dp/B00M0FK8UU?tag=eloabder-20&linkCode=osi&th=1&psc=1"><img src="https://m.media-amazon.com/images/I/517+RuVAECL._SL500_.jpg" alt="Product Image"></a><p>Temptations MixUps Surfer's Delight Flavor Crunchy and Soft Cat Treats, 16 oz. Tub</p><p> -8% 0FF </p><p>$7.80 ($0.49 / Ounce)</p><a href="https://www.amazon.com/dp/B00M0FK8UU?tag=eloabder-20&linkCode=osi&th=1&psc=1">View Product</a></div><div class="product"><a href="https://www.amazon.com/dp/B07KGXQ1WC?tag=eloabder-20&linkCode=osi&th=1&psc=1"><img src="https://m.media-amazon.com/images/I/51lx-r6UP1L._SL500_.jpg" alt="Product Image"></a><p>Temptations Classic Crunchy and Soft Cat Treats, Shrimpy Shrimp Flavor, 16 oz. Tub</p><p> -25% 0FF </p><p>$6.36 ($0.40 / Ounce)</p><a href="https://www.amazon.com/dp/B07KGXQ1WC?tag=eloabder-20&linkCode=osi&th=1&psc=1">View Product</a></div>
<div class="product"><a href="https://www.amazon.com/dp/B0BHN7K52L?tag=eloabder-20&linkCode=osi&th=1&psc=1"><img src="https://m.media-amazon.com/images/I/41VtkP72E7L._SL500_.jpg" alt="Product Image"></a><p>Dog Toys for Aggresive Chewers - Tough,Indestructible Dog Toys for Large, Medium,Small Breed to Keep Them Busy</p><p> -38% 0FF </p><p>$9.99</p><a href="https://www.amazon.com/dp/B0BHN7K52L?tag=eloabder-20&linkCode=osi&th=1&psc=1">View Product</a></div><div class="product"><a href="https://www.amazon.com/dp/B000F4AVPA?tag=eloabder-20&linkCode=osi&th=1&psc=1"><img src="https://m.media-amazon.com/images/I/31NKTw5DUeL._SL500_.jpg" alt="Product Image"></a><p>Chuckit! Ultra Ball Dog Toy - Medium Bouncy Fetch Balls For Dogs 20-60 lbs - Made from Durable Rubber - Floating Water Pet Toys - Size Medium - 2.5-inch Diameter - Pack of 2</p><p> -35% 0FF </p><p>$7.13</p><a href="https://www.amazon.com/dp/B000F4AVPA?tag=eloabder-20&linkCode=osi&th=1&psc=1">View Product</a></div><div class="product"><a href="https://www.amazon.com/dp/B0B1LVKG8D?tag=eloabder-20&linkCode=osi&th=1&psc=1"><img src="https://m.media-amazon.com/images/I/51bjl2slJTL._SL500_.jpg" alt="Product Image"></a><p>Fuufome Large Squeaky Dog Toys- Plush Dog Toys with Soft Fabric for Small, Medium, and Large Dogs Daily Companionship, Training Reward Gift</p><p> -41% 0FF </p><p>$9.49</p><a href="https://www.amazon.com/dp/B0B1LVKG8D?tag=eloabder-20&linkCode=osi&th=1&psc=1">View Product</a></div>

<div class="product"><a href="https://www.amazon.com/dp/B0FJ2NPL47?tag=eloabder-20&linkCode=osi&th=1&psc=1"><img src="https://m.media-amazon.com/images/I/51TDSHRvQDL._SL500_.jpg" alt="Product Image"></a><p>Pet Hair Removal Glove for Dogs & Cats, Newly Upgraded Reusable Electrostatic Pet Hair Gloves, Pet Hair Remover Tool for Clothing, Couch, Carpet, Car Seat</p><p> -15% 0FF </p><p>$16.99</p><a href="https://www.amazon.com/dp/B0FJ2NPL47?tag=eloabder-20&linkCode=osi&th=1&psc=1">View Product</a></div><div class="product"><a href="https://www.amazon.com/dp/B0DMWBS87F?tag=eloabder-20&linkCode=osi&th=1&psc=1"><img src="https://m.media-amazon.com/images/I/51Q8Cx4sNWL._SL500_.jpg" alt="Product Image"></a><p>Paw Science Dog Eye Wipes - Hypoallergenic Eye & Face Wipes for Dogs, Cats, & Puppy - Pet Tear Stain Remover & Cleaner - Gently Cleans & Removes Discharge, Crust, & Gunk (Coconut)</p><p> -36% 0FF </p><p>$8.99 ($0.09 / Count)</p><a href="https://www.amazon.com/dp/B0DMWBS87F?tag=eloabder-20&linkCode=osi&th=1&psc=1">View Product</a></div><div class="product"><a href="https://www.amazon.com/dp/B0FH6PZ6RZ?tag=eloabder-20&linkCode=osi&th=1&psc=1"><img src="https://m.media-amazon.com/images/I/414hJ-w970L._SL500_.jpg" alt="Product Image"></a><p>Dog Nail Grinder with 2 LED Lights Powerful 2 Speeds Super Quiet Dog Nail Trimmers with 3 Grinding Wheels Rechargeable Pet Dog Nail Clippers for Large Medium Puppy Dogs Nail File Cat Nail Clipper Blue</p><p> -5% 0FF </p><p>$18.99</p><a href="https://www.amazon.com/dp/B0FH6PZ6RZ?tag=eloabder-20&linkCode=osi&th=1&psc=1">View Product</a></div><div class="product"><a href="https://www.amazon.com/dp/B0FD9MGDKV?tag=eloabder-20&linkCode=osi&th=1&psc=1"><img src="https://m.media-amazon.com/images/I/51XGj6QgMcL._SL500_.jpg" alt="Product Image"></a><p>Pet Hair Removal Glove for Cats & Dogs, Upgraded Five-Finger Electrostatic Pet Hair Gloves, Reusable Magic Brush Pet Hair Remover Tool for Laundry, Couch, Carpet, Car Seat</p><p> -19% 0FF </p><p>$16.17</p><a href="https://www.amazon.com/dp/B0FD9MGDKV?tag=eloabder-20&linkCode=osi&th=1&psc=1">View Product</a></div>
<div class="product"><a href="https://www.amazon.com/dp/B09K8YYVWV?tag=eloabder-20&linkCode=osi&th=1&psc=1"><img src="https://m.media-amazon.com/images/I/4123dxF1ijL._SL500_.jpg" alt="Product Image"></a><p>Blue Buffalo Life Protection Formula Natural Adult Dry Dog Food, Chicken and Brown Rice 5-lb Trial Size Bag</p><p> -17% 0FF </p><p>$14.98 ($3.00 / lb)</p><a href="https://www.amazon.com/dp/B09K8YYVWV?tag=eloabder-20&linkCode=osi&th=1&psc=1">View Product</a></div><div class="product"><a href="https://www.amazon.com/dp/B0000AH3QT?tag=eloabder-20&linkCode=osi&th=1&psc=1"><img src="https://m.media-amazon.com/images/I/41FXHOzdCWL._SL500_.jpg" alt="Product Image"></a><p>Purina ONE Chicken and Rice Formula Dry Dog Food - 8 lb. Bag</p><p> -9% 0FF </p><p>$16.28 ($2.04 / Pound)</p><a href="https://www.amazon.com/dp/B0000AH3QT?tag=eloabder-20&linkCode=osi&th=1&psc=1">View Product</a></div><div class="product"><a href="https://www.amazon.com/dp/B0000AH3QW?tag=eloabder-20&linkCode=osi&th=1&psc=1"><img src="https://m.media-amazon.com/images/I/41jXsOOPPtL._SL500_.jpg" alt="Product Image"></a><p>Purina ONE Dry Dog Food Lamb and Rice Formula - 8 lb. Bag</p><p> -9% 0FF </p><p>$16.28 ($2.04 / pound)</p><a href="https://www.amazon.com/dp/B0000AH3QW?tag=eloabder-20&linkCode=osi&th=1&psc=1">View Product</a></div><div class="product"><a href="https://www.amazon.com/dp/B09K9FDLFN?tag=eloabder-20&linkCode=osi&th=1&psc=1"><img src="https://m.media-amazon.com/images/I/41fn4P3zY0L._SL500_.jpg" alt="Product Image"></a><p>Blue Buffalo Life Protection Formula Natural Adult Small Breed Dry Dog Food, Chicken and Brown Rice 5-lb Trial Size Bag</p><p> -15% 0FF </p><p>$16.98 ($3.40 / lb)</p><a href="https://www.amazon.com/dp/B09K9FDLFN?tag=eloabder-20&linkCode=osi&th=1&psc=1">View Product</a></div><div class="product"><a href="https://www.amazon.com/dp/B008NHLZ2Y?tag=eloabder-20&linkCode=osi&th=1&psc=1"><img src="https://m.media-amazon.com/images/I/51OqxCyPKTL._SL500_.jpg" alt="Product Image"></a><p>Cesar Wet Dog Food Classic Loaf in Sauce Beef Recipe, Filet Mignon, Grilled Chicken and Porterhouse Steak Variety Pack, 3.5 oz. Easy Peel Trays (24 Count, Pack of 1)</p><p> -11% 0FF </p><p>$24.94 ($1.04 / Count)</p><a href="https://www.amazon.com/dp/B008NHLZ2Y?tag=eloabder-20&linkCode=osi&th=1&psc=1">View Product</a></div><div class="product"><a href="https://www.amazon.com/dp/B00DE7WKVS?tag=eloabder-20&linkCode=osi&th=1&psc=1"><img src="https://m.media-amazon.com/images/I/514-XqvXJJL._SL500_.jpg" alt="Product Image"></a><p>Purina ONE True Instinct With A Blend Of Real Turkey and Venison Dry Dog Food - 15 lb. Bag</p><p> -9% 0FF </p><p>$32.28 ($2.15 / Pound)</p><a href="https://www.amazon.com/dp/B00DE7WKVS?tag=eloabder-20&linkCode=osi&th=1&psc=1">View Product</a></div>
<div class="product"><a href="https://www.amazon.com/dp/B007JXVR76?tag=eloabder-20&linkCode=osi&th=1&psc=1"><img src="https://m.media-amazon.com/images/I/41XRcLETtGL._SL500_.jpg" alt="Product Image"></a><p>Meow Mix Original Choice Dry Cat Food, 6.3 Pound Bag</p><p> -6% 0FF </p><p>$9.29 ($1.47 / lb)</p><a href="https://www.amazon.com/dp/B007JXVR76?tag=eloabder-20&linkCode=osi&th=1&psc=1">View Product</a></div><div class="product"><a href="https://www.amazon.com/dp/B0D9MW74TG?tag=eloabder-20&linkCode=osi&th=1&psc=1"><img src="https://m.media-amazon.com/images/I/51CSHkalU1L._SL500_.jpg" alt="Product Image"></a><p>Meow Mix Gravy Bursts Dry Cat Food, Chicken, 3 LB Bag</p><p> -16% 0FF </p><p>$5.72 ($1.91 / lb)</p><a href="https://www.amazon.com/dp/B0D9MW74TG?tag=eloabder-20&linkCode=osi&th=1&psc=1">View Product</a></div><div class="product"><a href="https://www.amazon.com/dp/B01H3OA7KI?tag=eloabder-20&linkCode=osi&th=1&psc=1"><img src="https://m.media-amazon.com/images/I/51vds1pph5L._SL500_.jpg" alt="Product Image"></a><p>Purina Cat Chow Hairball, Healthy Weight, Indoor, Natural Dry Cat Food, Naturals Indoor - 13 lb. Bag</p><p> -6% 0FF </p><p>$16.99 ($1.31 / lb)</p><a href="https://www.amazon.com/dp/B01H3OA7KI?tag=eloabder-20&linkCode=osi&th=1&psc=1">View Product</a></div><div class="product"><a href="https://www.amazon.com/dp/B01BKYFR7K?tag=eloabder-20&linkCode=osi&th=1&psc=1"><img src="https://m.media-amazon.com/images/I/41GYcHtJdcL._SL500_.jpg" alt="Product Image"></a><p>IAMS Proactive Health Indoor Weight Control & Hairball Care Adult Dry Cat Food, Chicken & Turkey Recipe, 7 lb. Bag</p><p> -11% 0FF </p><p>$16.97 ($2.42 / lb)</p><a href="https://www.amazon.com/dp/B01BKYFR7K?tag=eloabder-20&linkCode=osi&th=1&psc=1">View Product</a></div>
<div class="product"><a href="https://www.amazon.com/dp/B003PMQMK2?tag=eloabder-20&linkCode=osi&th=1&psc=1"><img src="https://m.media-amazon.com/images/I/51rKBA3bcNL._SL500_.jpg" alt="Product Image"></a><p>Milk-Bone MaroSnacks Small Dog Treats With Bone Marrow, 40 Ounce Container</p><p> -21% 0FF </p><p>$11.48 ($4.59 / lb)</p><a href="https://www.amazon.com/dp/B003PMQMK2?tag=eloabder-20&linkCode=osi&th=1&psc=1">View Product</a></div><div class="product"><a href="https://www.amazon.com/dp/B07BVL8TQF?tag=eloabder-20&linkCode=osi&th=1&psc=1"><img src="https://m.media-amazon.com/images/I/41V12A43ClL._SL500_.jpg" alt="Product Image"></a><p>Good ‘n’ Fun Triple Flavor Kabobs Chews for All Dogs, 24 Ounces, Treat Your Dog to Chews Made from Beef Hide, Real Chicken, Pork Hide, Duck and Chicken Liver</p><p> -27% 0FF </p><p>$15.98 ($10.65 / lb)</p><a href="https://www.amazon.com/dp/B07BVL8TQF?tag=eloabder-20&linkCode=osi&th=1&psc=1">View Product</a></div><div class="product"><a href="https://www.amazon.com/dp/B006HKA6II?tag=eloabder-20&linkCode=osi&th=1&psc=1"><img src="https://m.media-amazon.com/images/I/41sdmNauoVL._SL500_.jpg" alt="Product Image"></a><p>Milk-Bone Soft & Chewy Dog Treats, Beef & Filet Mignon Recipe, 25 Ounce</p><p> -7% 0FF </p><p>$14.48 ($9.27 / lb)</p><a href="https://www.amazon.com/dp/B006HKA6II?tag=eloabder-20&linkCode=osi&th=1&psc=1">View Product</a></div><div class="product"><a href="https://www.amazon.com/dp/B006W6YHHI?tag=eloabder-20&linkCode=osi&th=1&psc=1"><img src="https://m.media-amazon.com/images/I/51VcU1tm-7L._SL500_.jpg" alt="Product Image"></a><p>Greenies Original Regular Dental Dog Treats, 36 oz. Pack (36 Treats)</p><p> -8% 0FF </p><p>$36.97 ($16.43 / lb)</p><a href="https://www.amazon.com/dp/B006W6YHHI?tag=eloabder-20&linkCode=osi&th=1&psc=1">View Product</a></div><div class="product"><a href="https://www.amazon.com/dp/B07D323MFZ?tag=eloabder-20&linkCode=osi&th=1&psc=1"><img src="https://m.media-amazon.com/images/I/41OTio6+siL._SL500_.jpg" alt="Product Image"></a><p>INABA Churu Cat Treats, Grain-Free, Lickable, Squeezable Creamy Purée Cat Treat/Topper with Vitamin E & Taurine, 0.5 Ounces Each Tube, 50 Tubes, Tuna & Chicken Variety</p><p> -18% 0FF </p><p>$32.96 ($1.32 / Ounce)</p><a href="https://www.amazon.com/dp/B07D323MFZ?tag=eloabder-20&linkCode=osi&th=1&psc=1">View Product</a></div><div class="product"><a href="https://www.amazon.com/dp/B09MZDFLSV?tag=eloabder-20&linkCode=osi&th=1&psc=1"><img src="https://m.media-amazon.com/images/I/51mXUxhYDiL._SL500_.jpg" alt="Product Image"></a><p>Full Moon All Natural Human Grade Dog Treats, Essential Beef Savory Sticks, 22 Ounce, 1.375 Pound (Pack of 1)</p><p> -10% 0FF </p><p>$17.94 ($13.05 / lb)</p><a href="https://www.amazon.com/dp/B09MZDFLSV?tag=eloabder-20&linkCode=osi&th=1&psc=1">View Product</a></div><div class="product"><a href="https://www.amazon.com/dp/B07BVLGZW6?tag=eloabder-20&linkCode=osi&th=1&psc=1"><img src="https://m.media-amazon.com/images/I/51g5KoU0RiL._SL500_.jpg" alt="Product Image"></a><p>Good ‘n’ Fun Triple Flavor Wings Chews for All Dogs, 12 Ounces, Treat Your Dog to Long-Lasting Chews Made with Chicken, Pork Hide and Beef Hide</p><p> -27% 0FF </p><p>$10.48 ($13.97 / lb)</p><a href="https://www.amazon.com/dp/B07BVLGZW6?tag=eloabder-20&linkCode=osi&th=1&psc=1">View Product</a></div>
<div class="product"><a href="https://www.amazon.com/dp/B01EX0H12M?tag=eloabder-20&linkCode=osi&th=1&psc=1"><img src="https://m.media-amazon.com/images/I/41tpUtk3FGL._SL500_.jpg" alt="Product Image"></a><p>Full Moon Chicken Jerky Healthy All Natural Dog Treats Human Grade Made in USA Grain Free, 1.5 Pound (Pack of 1)</p><p> -19% 0FF </p><p>$26.44 ($17.63 / lb)</p><a href="https://www.amazon.com/dp/B01EX0H12M?tag=eloabder-20&linkCode=osi&th=1&psc=1">View Product</a></div>
<div class="product"><a href="https://www.amazon.com/dp/B07BTRHM75?tag=eloabder-20&linkCode=osi&th=1&psc=1"><img src="https://m.media-amazon.com/images/I/51yN5sax9BL._SL500_.jpg" alt="Product Image"></a><p>Delectables Bisque Lickable Wet Cat Treats - Chicken, Tuna & Shrimp, 12 count</p><p> -9% 0FF </p><p>$12.94 ($0.77 / Ounce)</p><a href="https://www.amazon.com/dp/B07BTRHM75?tag=eloabder-20&linkCode=osi&th=1&psc=1">View Product</a></div><div class="product"><a href="https://www.amazon.com/dp/B00M0FK8UU?tag=eloabder-20&linkCode=osi&th=1&psc=1"><img src="https://m.media-amazon.com/images/I/517+RuVAECL._SL500_.jpg" alt="Product Image"></a><p>Temptations MixUps Surfer's Delight Flavor Crunchy and Soft Cat Treats, 16 oz. Tub</p><p> -8% 0FF </p><p>$7.80 ($0.49 / Ounce)</p><a href="https://www.amazon.com/dp/B00M0FK8UU?tag=eloabder-20&linkCode=osi&th=1&psc=1">View Product</a></div><div class="product"><a href="https://www.amazon.com/dp/B07KGXQ1WC?tag=eloabder-20&linkCode=osi&th=1&psc=1"><img src="https://m.media-amazon.com/images/I/51lx-r6UP1L._SL500_.jpg" alt="Product Image"></a><p>Temptations Classic Crunchy and Soft Cat Treats, Shrimpy Shrimp Flavor, 16 oz. Tub</p><p> -25% 0FF </p><p>$6.36 ($0.40 / Ounce)</p><a href="https://www.amazon.com/dp/B07KGXQ1WC?tag=eloabder-20&linkCode=osi&th=1&psc=1">View Product</a></div>
<div class="product"><a href="https://www.amazon.com/dp/B0BHN7K52L?tag=eloabder-20&linkCode=osi&th=1&psc=1"><img src="https://m.media-amazon.com/images/I/41VtkP72E7L._SL500_.jpg" alt="Product Image"></a><p>Dog Toys for Aggresive Chewers - Tough,Indestructible Dog Toys for Large, Medium,Small Breed to Keep Them Busy</p><p> -38% 0FF </p><p>$9.99</p><a href="https://www.amazon.com/dp/B0BHN7K52L?tag=eloabder-20&linkCode=osi&th=1&psc=1">View Product</a></div><div class="product"><a href="https://www.amazon.com/dp/B000F4AVPA?tag=eloabder-20&linkCode=osi&th=1&psc=1"><img src="https://m.media-amazon.com/images/I/31NKTw5DUeL._SL500_.jpg" alt="Product Image"></a><p>Chuckit! Ultra Ball Dog Toy - Medium Bouncy Fetch Balls For Dogs 20-60 lbs - Made from Durable Rubber - Floating Water Pet Toys - Size Medium - 2.5-inch Diameter - Pack of 2</p><p> -35% 0FF </p><p>$7.13</p><a href="https://www.amazon.com/dp/B000F4AVPA?tag=eloabder-20&linkCode=osi&th=1&psc=1">View Product</a></div><div class="product"><a href="https://www.amazon.com/dp/B0B1LVKG8D?tag=eloabder-20&linkCode=osi&th=1&psc=1"><img src="https://m.media-amazon.com/images/I/51bjl2slJTL._SL500_.jpg" alt="Product Image"></a><p>Fuufome Large Squeaky Dog Toys- Plush Dog Toys with Soft Fabric for Small, Medium, and Large Dogs Daily Companionship, Training Reward Gift</p><p> -41% 0FF </p><p>$9.49</p><a href="https://www.amazon.com/dp/B0B1LVKG8D?tag=eloabder-20&linkCode=osi&th=1&psc=1">View Product</a></div>


<div class="product"><a href="https://www.amazon.com/dp/B0FJ2NPL47?tag=eloabder-20&linkCode=osi&th=1&psc=1"><img src="https://m.media-amazon.com/images/I/51TDSHRvQDL._SL500_.jpg" alt="Product Image"></a><p>Pet Hair Removal Glove for Dogs & Cats, Newly Upgraded Reusable Electrostatic Pet Hair Gloves, Pet Hair Remover Tool for Clothing, Couch, Carpet, Car Seat</p><p> -15% 0FF </p><p>$16.99</p><a href="https://www.amazon.com/dp/B0FJ2NPL47?tag=eloabder-20&linkCode=osi&th=1&psc=1">View Product</a></div><div class="product"><a href="https://www.amazon.com/dp/B0DMWBS87F?tag=eloabder-20&linkCode=osi&th=1&psc=1"><img src="https://m.media-amazon.com/images/I/51Q8Cx4sNWL._SL500_.jpg" alt="Product Image"></a><p>Paw Science Dog Eye Wipes - Hypoallergenic Eye & Face Wipes for Dogs, Cats, & Puppy - Pet Tear Stain Remover & Cleaner - Gently Cleans & Removes Discharge, Crust, & Gunk (Coconut)</p><p> -36% 0FF </p><p>$8.99 ($0.09 / Count)</p><a href="https://www.amazon.com/dp/B0DMWBS87F?tag=eloabder-20&linkCode=osi&th=1&psc=1">View Product</a></div><div class="product"><a href="https://www.amazon.com/dp/B0FH6PZ6RZ?tag=eloabder-20&linkCode=osi&th=1&psc=1"><img src="https://m.media-amazon.com/images/I/414hJ-w970L._SL500_.jpg" alt="Product Image"></a><p>Dog Nail Grinder with 2 LED Lights Powerful 2 Speeds Super Quiet Dog Nail Trimmers with 3 Grinding Wheels Rechargeable Pet Dog Nail Clippers for Large Medium Puppy Dogs Nail File Cat Nail Clipper Blue</p><p> -5% 0FF </p><p>$18.99</p><a href="https://www.amazon.com/dp/B0FH6PZ6RZ?tag=eloabder-20&linkCode=osi&th=1&psc=1">View Product</a></div><div class="product"><a href="https://www.amazon.com/dp/B0FD9MGDKV?tag=eloabder-20&linkCode=osi&th=1&psc=1"><img src="https://m.media-amazon.com/images/I/51XGj6QgMcL._SL500_.jpg" alt="Product Image"></a><p>Pet Hair Removal Glove for Cats & Dogs, Upgraded Five-Finger Electrostatic Pet Hair Gloves, Reusable Magic Brush Pet Hair Remover Tool for Laundry, Couch, Carpet, Car Seat</p><p> -19% 0FF </p><p>$16.17</p><a href="https://www.amazon.com/dp/B0FD9MGDKV?tag=eloabder-20&linkCode=osi&th=1&psc=1">View Product</a></div>
<div class="product"><a href="https://www.amazon.com/dp/B09K8YYVWV?tag=eloabder-20&linkCode=osi&th=1&psc=1"><img src="https://m.media-amazon.com/images/I/4123dxF1ijL._SL500_.jpg" alt="Product Image"></a><p>Blue Buffalo Life Protection Formula Natural Adult Dry Dog Food, Chicken and Brown Rice 5-lb Trial Size Bag</p><p> -17% 0FF </p><p>$14.98 ($3.00 / lb)</p><a href="https://www.amazon.com/dp/B09K8YYVWV?tag=eloabder-20&linkCode=osi&th=1&psc=1">View Product</a></div><div class="product"><a href="https://www.amazon.com/dp/B0000AH3QT?tag=eloabder-20&linkCode=osi&th=1&psc=1"><img src="https://m.media-amazon.com/images/I/41FXHOzdCWL._SL500_.jpg" alt="Product Image"></a><p>Purina ONE Chicken and Rice Formula Dry Dog Food - 8 lb. Bag</p><p> -9% 0FF </p><p>$16.28 ($2.04 / Pound)</p><a href="https://www.amazon.com/dp/B0000AH3QT?tag=eloabder-20&linkCode=osi&th=1&psc=1">View Product</a></div><div class="product"><a href="https://www.amazon.com/dp/B0000AH3QW?tag=eloabder-20&linkCode=osi&th=1&psc=1"><img src="https://m.media-amazon.com/images/I/41jXsOOPPtL._SL500_.jpg" alt="Product Image"></a><p>Purina ONE Dry Dog Food Lamb and Rice Formula - 8 lb. Bag</p><p> -9% 0FF </p><p>$16.28 ($2.04 / pound)</p><a href="https://www.amazon.com/dp/B0000AH3QW?tag=eloabder-20&linkCode=osi&th=1&psc=1">View Product</a></div><div class="product"><a href="https://www.amazon.com/dp/B09K9FDLFN?tag=eloabder-20&linkCode=osi&th=1&psc=1"><img src="https://m.media-amazon.com/images/I/41fn4P3zY0L._SL500_.jpg" alt="Product Image"></a><p>Blue Buffalo Life Protection Formula Natural Adult Small Breed Dry Dog Food, Chicken and Brown Rice 5-lb Trial Size Bag</p><p> -15% 0FF </p><p>$16.98 ($3.40 / lb)</p><a href="https://www.amazon.com/dp/B09K9FDLFN?tag=eloabder-20&linkCode=osi&th=1&psc=1">View Product</a></div><div class="product"><a href="https://www.amazon.com/dp/B008NHLZ2Y?tag=eloabder-20&linkCode=osi&th=1&psc=1"><img src="https://m.media-amazon.com/images/I/51OqxCyPKTL._SL500_.jpg" alt="Product Image"></a><p>Cesar Wet Dog Food Classic Loaf in Sauce Beef Recipe, Filet Mignon, Grilled Chicken and Porterhouse Steak Variety Pack, 3.5 oz. Easy Peel Trays (24 Count, Pack of 1)</p><p> -11% 0FF </p><p>$24.94 ($1.04 / Count)</p><a href="https://www.amazon.com/dp/B008NHLZ2Y?tag=eloabder-20&linkCode=osi&th=1&psc=1">View Product</a></div><div class="product"><a href="https://www.amazon.com/dp/B00DE7WKVS?tag=eloabder-20&linkCode=osi&th=1&psc=1"><img src="https://m.media-amazon.com/images/I/514-XqvXJJL._SL500_.jpg" alt="Product Image"></a><p>Purina ONE True Instinct With A Blend Of Real Turkey and Venison Dry Dog Food - 15 lb. Bag</p><p> -9% 0FF </p><p>$32.28 ($2.15 / Pound)</p><a href="https://www.amazon.com/dp/B00DE7WKVS?tag=eloabder-20&linkCode=osi&th=1&psc=1">View Product</a></div>
<div class="product"><a href="https://www.amazon.com/dp/B007JXVR76?tag=eloabder-20&linkCode=osi&th=1&psc=1"><img src="https://m.media-amazon.com/images/I/41XRcLETtGL._SL500_.jpg" alt="Product Image"></a><p>Meow Mix Original Choice Dry Cat Food, 6.3 Pound Bag</p><p> -6% 0FF </p><p>$9.29 ($1.47 / lb)</p><a href="https://www.amazon.com/dp/B007JXVR76?tag=eloabder-20&linkCode=osi&th=1&psc=1">View Product</a></div><div class="product"><a href="https://www.amazon.com/dp/B0D9MW74TG?tag=eloabder-20&linkCode=osi&th=1&psc=1"><img src="https://m.media-amazon.com/images/I/51CSHkalU1L._SL500_.jpg" alt="Product Image"></a><p>Meow Mix Gravy Bursts Dry Cat Food, Chicken, 3 LB Bag</p><p> -16% 0FF </p><p>$5.72 ($1.91 / lb)</p><a href="https://www.amazon.com/dp/B0D9MW74TG?tag=eloabder-20&linkCode=osi&th=1&psc=1">View Product</a></div><div class="product"><a href="https://www.amazon.com/dp/B01H3OA7KI?tag=eloabder-20&linkCode=osi&th=1&psc=1"><img src="https://m.media-amazon.com/images/I/51vds1pph5L._SL500_.jpg" alt="Product Image"></a><p>Purina Cat Chow Hairball, Healthy Weight, Indoor, Natural Dry Cat Food, Naturals Indoor - 13 lb. Bag</p><p> -6% 0FF </p><p>$16.99 ($1.31 / lb)</p><a href="https://www.amazon.com/dp/B01H3OA7KI?tag=eloabder-20&linkCode=osi&th=1&psc=1">View Product</a></div><div class="product"><a href="https://www.amazon.com/dp/B01BKYFR7K?tag=eloabder-20&linkCode=osi&th=1&psc=1"><img src="https://m.media-amazon.com/images/I/41GYcHtJdcL._SL500_.jpg" alt="Product Image"></a><p>IAMS Proactive Health Indoor Weight Control & Hairball Care Adult Dry Cat Food, Chicken & Turkey Recipe, 7 lb. Bag</p><p> -11% 0FF </p><p>$16.97 ($2.42 / lb)</p><a href="https://www.amazon.com/dp/B01BKYFR7K?tag=eloabder-20&linkCode=osi&th=1&psc=1">View Product</a></div>
<div class="product"><a href="https://www.amazon.com/dp/B003PMQMK2?tag=eloabder-20&linkCode=osi&th=1&psc=1"><img src="https://m.media-amazon.com/images/I/51rKBA3bcNL._SL500_.jpg" alt="Product Image"></a><p>Milk-Bone MaroSnacks Small Dog Treats With Bone Marrow, 40 Ounce Container</p><p> -21% 0FF </p><p>$11.48 ($4.59 / lb)</p><a href="https://www.amazon.com/dp/B003PMQMK2?tag=eloabder-20&linkCode=osi&th=1&psc=1">View Product</a></div><div class="product"><a href="https://www.amazon.com/dp/B07BVL8TQF?tag=eloabder-20&linkCode=osi&th=1&psc=1"><img src="https://m.media-amazon.com/images/I/41V12A43ClL._SL500_.jpg" alt="Product Image"></a><p>Good ‘n’ Fun Triple Flavor Kabobs Chews for All Dogs, 24 Ounces, Treat Your Dog to Chews Made from Beef Hide, Real Chicken, Pork Hide, Duck and Chicken Liver</p><p> -27% 0FF </p><p>$15.98 ($10.65 / lb)</p><a href="https://www.amazon.com/dp/B07BVL8TQF?tag=eloabder-20&linkCode=osi&th=1&psc=1">View Product</a></div><div class="product"><a href="https://www.amazon.com/dp/B006HKA6II?tag=eloabder-20&linkCode=osi&th=1&psc=1"><img src="https://m.media-amazon.com/images/I/41sdmNauoVL._SL500_.jpg" alt="Product Image"></a><p>Milk-Bone Soft & Chewy Dog Treats, Beef & Filet Mignon Recipe, 25 Ounce</p><p> -7% 0FF </p><p>$14.48 ($9.27 / lb)</p><a href="https://www.amazon.com/dp/B006HKA6II?tag=eloabder-20&linkCode=osi&th=1&psc=1">View Product</a></div><div class="product"><a href="https://www.amazon.com/dp/B006W6YHHI?tag=eloabder-20&linkCode=osi&th=1&psc=1"><img src="https://m.media-amazon.com/images/I/51VcU1tm-7L._SL500_.jpg" alt="Product Image"></a><p>Greenies Original Regular Dental Dog Treats, 36 oz. Pack (36 Treats)</p><p> -8% 0FF </p><p>$36.97 ($16.43 / lb)</p><a href="https://www.amazon.com/dp/B006W6YHHI?tag=eloabder-20&linkCode=osi&th=1&psc=1">View Product</a></div><div class="product"><a href="https://www.amazon.com/dp/B07D323MFZ?tag=eloabder-20&linkCode=osi&th=1&psc=1"><img src="https://m.media-amazon.com/images/I/41OTio6+siL._SL500_.jpg" alt="Product Image"></a><p>INABA Churu Cat Treats, Grain-Free, Lickable, Squeezable Creamy Purée Cat Treat/Topper with Vitamin E & Taurine, 0.5 Ounces Each Tube, 50 Tubes, Tuna & Chicken Variety</p><p> -18% 0FF </p><p>$32.96 ($1.32 / Ounce)</p><a href="https://www.amazon.com/dp/B07D323MFZ?tag=eloabder-20&linkCode=osi&th=1&psc=1">View Product</a></div><div class="product"><a href="https://www.amazon.com/dp/B09MZDFLSV?tag=eloabder-20&linkCode=osi&th=1&psc=1"><img src="https://m.media-amazon.com/images/I/51mXUxhYDiL._SL500_.jpg" alt="Product Image"></a><p>Full Moon All Natural Human Grade Dog Treats, Essential Beef Savory Sticks, 22 Ounce, 1.375 Pound (Pack of 1)</p><p> -10% 0FF </p><p>$17.94 ($13.05 / lb)</p><a href="https://www.amazon.com/dp/B09MZDFLSV?tag=eloabder-20&linkCode=osi&th=1&psc=1">View Product</a></div><div class="product"><a href="https://www.amazon.com/dp/B07BVLGZW6?tag=eloabder-20&linkCode=osi&th=1&psc=1"><img src="https://m.media-amazon.com/images/I/51g5KoU0RiL._SL500_.jpg" alt="Product Image"></a><p>Good ‘n’ Fun Triple Flavor Wings Chews for All Dogs, 12 Ounces, Treat Your Dog to Long-Lasting Chews Made with Chicken, Pork Hide and Beef Hide</p><p> -27% 0FF </p><p>$10.48 ($13.97 / lb)</p><a href="https://www.amazon.com/dp/B07BVLGZW6?tag=eloabder-20&linkCode=osi&th=1&psc=1">View Product</a></div>
<div class="product"><a href="https://www.amazon.com/dp/B01EX0H12M?tag=eloabder-20&linkCode=osi&th=1&psc=1"><img src="https://m.media-amazon.com/images/I/41tpUtk3FGL._SL500_.jpg" alt="Product Image"></a><p>Full Moon Chicken Jerky Healthy All Natural Dog Treats Human Grade Made in USA Grain Free, 1.5 Pound (Pack of 1)</p><p> -19% 0FF </p><p>$26.44 ($17.63 / lb)</p><a href="https://www.amazon.com/dp/B01EX0H12M?tag=eloabder-20&linkCode=osi&th=1&psc=1">View Product</a></div>
<div class="product"><a href="https://www.amazon.com/dp/B07BTRHM75?tag=eloabder-20&linkCode=osi&th=1&psc=1"><img src="https://m.media-amazon.com/images/I/51yN5sax9BL._SL500_.jpg" alt="Product Image"></a><p>Delectables Bisque Lickable Wet Cat Treats - Chicken, Tuna & Shrimp, 12 count</p><p> -9% 0FF </p><p>$12.94 ($0.77 / Ounce)</p><a href="https://www.amazon.com/dp/B07BTRHM75?tag=eloabder-20&linkCode=osi&th=1&psc=1">View Product</a></div><div class="product"><a href="https://www.amazon.com/dp/B00M0FK8UU?tag=eloabder-20&linkCode=osi&th=1&psc=1"><img src="https://m.media-amazon.com/images/I/517+RuVAECL._SL500_.jpg" alt="Product Image"></a><p>Temptations MixUps Surfer's Delight Flavor Crunchy and Soft Cat Treats, 16 oz. Tub</p><p> -8% 0FF </p><p>$7.80 ($0.49 / Ounce)</p><a href="https://www.amazon.com/dp/B00M0FK8UU?tag=eloabder-20&linkCode=osi&th=1&psc=1">View Product</a></div><div class="product"><a href="https://www.amazon.com/dp/B07KGXQ1WC?tag=eloabder-20&linkCode=osi&th=1&psc=1"><img src="https://m.media-amazon.com/images/I/51lx-r6UP1L._SL500_.jpg" alt="Product Image"></a><p>Temptations Classic Crunchy and Soft Cat Treats, Shrimpy Shrimp Flavor, 16 oz. Tub</p><p> -25% 0FF </p><p>$6.36 ($0.40 / Ounce)</p><a href="https://www.amazon.com/dp/B07KGXQ1WC?tag=eloabder-20&linkCode=osi&th=1&psc=1">View Product</a></div>
<div class="product"><a href="https://www.amazon.com/dp/B0BHN7K52L?tag=eloabder-20&linkCode=osi&th=1&psc=1"><img src="https://m.media-amazon.com/images/I/41VtkP72E7L._SL500_.jpg" alt="Product Image"></a><p>Dog Toys for Aggresive Chewers - Tough,Indestructible Dog Toys for Large, Medium,Small Breed to Keep Them Busy</p><p> -38% 0FF </p><p>$9.99</p><a href="https://www.amazon.com/dp/B0BHN7K52L?tag=eloabder-20&linkCode=osi&th=1&psc=1">View Product</a></div><div class="product"><a href="https://www.amazon.com/dp/B000F4AVPA?tag=eloabder-20&linkCode=osi&th=1&psc=1"><img src="https://m.media-amazon.com/images/I/31NKTw5DUeL._SL500_.jpg" alt="Product Image"></a><p>Chuckit! Ultra Ball Dog Toy - Medium Bouncy Fetch Balls For Dogs 20-60 lbs - Made from Durable Rubber - Floating Water Pet Toys - Size Medium - 2.5-inch Diameter - Pack of 2</p><p> -35% 0FF </p><p>$7.13</p><a href="https://www.amazon.com/dp/B000F4AVPA?tag=eloabder-20&linkCode=osi&th=1&psc=1">View Product</a></div><div class="product"><a href="https://www.amazon.com/dp/B0B1LVKG8D?tag=eloabder-20&linkCode=osi&th=1&psc=1"><img src="https://m.media-amazon.com/images/I/51bjl2slJTL._SL500_.jpg" alt="Product Image"></a><p>Fuufome Large Squeaky Dog Toys- Plush Dog Toys with Soft Fabric for Small, Medium, and Large Dogs Daily Companionship, Training Reward Gift</p><p> -41% 0FF </p><p>$9.49</p><a href="https://www.amazon.com/dp/B0B1LVKG8D?tag=eloabder-20&linkCode=osi&th=1&psc=1">View Product</a></div>

<div class="product"><a href="https://www.amazon.com/dp/B01AHM6P18?tag=eloabder-20&linkCode=osi&th=1&psc=1"><img src="https://m.media-amazon.com/images/I/51z5bUF-cpL._SL500_.jpg" alt="Product Image"></a><p>Fashion's Talk Cat Toys Variety Pack for Kitty 20 Pieces</p><p> -21% 0FF </p><p>$9.49</p><a href="https://www.amazon.com/dp/B01AHM6P18?tag=eloabder-20&linkCode=osi&th=1&psc=1">View Product</a></div><div class="product"><a href="https://www.amazon.com/dp/B0DG1X5KHM?tag=eloabder-20&linkCode=osi&th=1&psc=1"><img src="https://m.media-amazon.com/images/I/31YvLOoWZsL._SL500_.jpg" alt="Product Image"></a><p>Jkanti Interactive Cat Toys for Indoor Cats,The 3rd Generation Agile Moving Cat Ball with Elastic Mesh Tail,Automatic Kitten Toys for Bored Indoor Adult Cats,Motion Activated (Orange)</p><p> -10% 0FF </p><p>$17.99</p><a href="https://www.amazon.com/dp/B0DG1X5KHM?tag=eloabder-20&linkCode=osi&th=1&psc=1">View Product</a></div><div class="product"><a href="https://www.amazon.com/dp/B0D6W8B4FM?tag=eloabder-20&linkCode=osi&th=1&psc=1"><img src="https://m.media-amazon.com/images/I/31tkIoBZ3tL._SL500_.jpg" alt="Product Image"></a><p>TBTeek Cat Toys, USB Rechargeable Kitten Toy, 3 Light Modes & 5 Adjustable Patterns, Portable Interactive Pet Dog Cat Mouse Toy for Fun Chase Play Exercise</p><p> -13% 0FF </p><p>$6.97</p><a href="https://www.amazon.com/dp/B0D6W8B4FM?tag=eloabder-20&linkCode=osi&th=1&psc=1">View Product</a></div><div class="product"><a href="https://www.amazon.com/dp/B0CZ3YD1V6?tag=eloabder-20&linkCode=osi&th=1&psc=1"><img src="https://m.media-amazon.com/images/I/41nrT5-eUfL._SL500_.jpg" alt="Product Image"></a><p>Potaroma Cat Toys Chew Ropes 3Pcs with Refillable Natural Catnip, Safe Teeth Cleaning Toy for Indoor Kittens, Interactive Cat Nip Kitty Toys for All Breeds 19.5 Inches</p><p> -42% 0FF </p><p>$7.59</p><a href="https://www.amazon.com/dp/B0CZ3YD1V6?tag=eloabder-20&linkCode=osi&th=1&psc=1">View Product</a></div><div class="product"><a href="https://www.amazon.com/dp/B09WHBG4DV?tag=eloabder-20&linkCode=osi&th=1&psc=1"><img src="https://m.media-amazon.com/images/I/41eXntBWimL._SL500_.jpg" alt="Product Image"></a><p>Potaroma Cat Toys Pillows, 3 Pack, Soft and Durable Crinkle Sound with Catnip Inside, Interactive Indoor Kitten Kicker, Promotes Kitty Exercise</p><p> -38% 0FF </p><p>$9.98</p><a href="https://www.amazon.com/dp/B09WHBG4DV?tag=eloabder-20&linkCode=osi&th=1&psc=1">View Product</a></div>

<div class="product"><a href="https://www.amazon.com/dp/B0FJ2NPL47?tag=eloabder-20&linkCode=osi&th=1&psc=1"><img src="https://m.media-amazon.com/images/I/51TDSHRvQDL._SL500_.jpg" alt="Product Image"></a><p>Pet Hair Removal Glove for Dogs & Cats, Newly Upgraded Reusable Electrostatic Pet Hair Gloves, Pet Hair Remover Tool for Clothing, Couch, Carpet, Car Seat</p><p> -15% 0FF </p><p>$16.99</p><a href="https://www.amazon.com/dp/B0FJ2NPL47?tag=eloabder-20&linkCode=osi&th=1&psc=1">View Product</a></div><div class="product"><a href="https://www.amazon.com/dp/B0DMWBS87F?tag=eloabder-20&linkCode=osi&th=1&psc=1"><img src="https://m.media-amazon.com/images/I/51Q8Cx4sNWL._SL500_.jpg" alt="Product Image"></a><p>Paw Science Dog Eye Wipes - Hypoallergenic Eye & Face Wipes for Dogs, Cats, & Puppy - Pet Tear Stain Remover & Cleaner - Gently Cleans & Removes Discharge, Crust, & Gunk (Coconut)</p><p> -36% 0FF </p><p>$8.99 ($0.09 / Count)</p><a href="https://www.amazon.com/dp/B0DMWBS87F?tag=eloabder-20&linkCode=osi&th=1&psc=1">View Product</a></div><div class="product"><a href="https://www.amazon.com/dp/B0FH6PZ6RZ?tag=eloabder-20&linkCode=osi&th=1&psc=1"><img src="https://m.media-amazon.com/images/I/414hJ-w970L._SL500_.jpg" alt="Product Image"></a><p>Dog Nail Grinder with 2 LED Lights Powerful 2 Speeds Super Quiet Dog Nail Trimmers with 3 Grinding Wheels Rechargeable Pet Dog Nail Clippers for Large Medium Puppy Dogs Nail File Cat Nail Clipper Blue</p><p> -5% 0FF </p><p>$18.99</p><a href="https://www.amazon.com/dp/B0FH6PZ6RZ?tag=eloabder-20&linkCode=osi&th=1&psc=1">View Product</a></div><div class="product"><a href="https://www.amazon.com/dp/B0FD9MGDKV?tag=eloabder-20&linkCode=osi&th=1&psc=1"><img src="https://m.media-amazon.com/images/I/51XGj6QgMcL._SL500_.jpg" alt="Product Image"></a><p>Pet Hair Removal Glove for Cats & Dogs, Upgraded Five-Finger Electrostatic Pet Hair Gloves, Reusable Magic Brush Pet Hair Remover Tool for Laundry, Couch, Carpet, Car Seat</p><p> -19% 0FF </p><p>$16.17</p><a href="https://www.amazon.com/dp/B0FD9MGDKV?tag=eloabder-20&linkCode=osi&th=1&psc=1">View Product</a></div>
<div class="product"><a href="https://www.amazon.com/dp/B09K8YYVWV?tag=eloabder-20&linkCode=osi&th=1&psc=1"><img src="https://m.media-amazon.com/images/I/4123dxF1ijL._SL500_.jpg" alt="Product Image"></a><p>Blue Buffalo Life Protection Formula Natural Adult Dry Dog Food, Chicken and Brown Rice 5-lb Trial Size Bag</p><p> -17% 0FF </p><p>$14.98 ($3.00 / lb)</p><a href="https://www.amazon.com/dp/B09K8YYVWV?tag=eloabder-20&linkCode=osi&th=1&psc=1">View Product</a></div><div class="product"><a href="https://www.amazon.com/dp/B0000AH3QT?tag=eloabder-20&linkCode=osi&th=1&psc=1"><img src="https://m.media-amazon.com/images/I/41FXHOzdCWL._SL500_.jpg" alt="Product Image"></a><p>Purina ONE Chicken and Rice Formula Dry Dog Food - 8 lb. Bag</p><p> -9% 0FF </p><p>$16.28 ($2.04 / Pound)</p><a href="https://www.amazon.com/dp/B0000AH3QT?tag=eloabder-20&linkCode=osi&th=1&psc=1">View Product</a></div><div class="product"><a href="https://www.amazon.com/dp/B0000AH3QW?tag=eloabder-20&linkCode=osi&th=1&psc=1"><img src="https://m.media-amazon.com/images/I/41jXsOOPPtL._SL500_.jpg" alt="Product Image"></a><p>Purina ONE Dry Dog Food Lamb and Rice Formula - 8 lb. Bag</p><p> -9% 0FF </p><p>$16.28 ($2.04 / pound)</p><a href="https://www.amazon.com/dp/B0000AH3QW?tag=eloabder-20&linkCode=osi&th=1&psc=1">View Product</a></div><div class="product"><a href="https://www.amazon.com/dp/B09K9FDLFN?tag=eloabder-20&linkCode=osi&th=1&psc=1"><img src="https://m.media-amazon.com/images/I/41fn4P3zY0L._SL500_.jpg" alt="Product Image"></a><p>Blue Buffalo Life Protection Formula Natural Adult Small Breed Dry Dog Food, Chicken and Brown Rice 5-lb Trial Size Bag</p><p> -15% 0FF </p><p>$16.98 ($3.40 / lb)</p><a href="https://www.amazon.com/dp/B09K9FDLFN?tag=eloabder-20&linkCode=osi&th=1&psc=1">View Product</a></div><div class="product"><a href="https://www.amazon.com/dp/B008NHLZ2Y?tag=eloabder-20&linkCode=osi&th=1&psc=1"><img src="https://m.media-amazon.com/images/I/51OqxCyPKTL._SL500_.jpg" alt="Product Image"></a><p>Cesar Wet Dog Food Classic Loaf in Sauce Beef Recipe, Filet Mignon, Grilled Chicken and Porterhouse Steak Variety Pack, 3.5 oz. Easy Peel Trays (24 Count, Pack of 1)</p><p> -11% 0FF </p><p>$24.94 ($1.04 / Count)</p><a href="https://www.amazon.com/dp/B008NHLZ2Y?tag=eloabder-20&linkCode=osi&th=1&psc=1">View Product</a></div><div class="product"><a href="https://www.amazon.com/dp/B00DE7WKVS?tag=eloabder-20&linkCode=osi&th=1&psc=1"><img src="https://m.media-amazon.com/images/I/514-XqvXJJL._SL500_.jpg" alt="Product Image"></a><p>Purina ONE True Instinct With A Blend Of Real Turkey and Venison Dry Dog Food - 15 lb. Bag</p><p> -9% 0FF </p><p>$32.28 ($2.15 / Pound)</p><a href="https://www.amazon.com/dp/B00DE7WKVS?tag=eloabder-20&linkCode=osi&th=1&psc=1">View Product</a></div>
<div class="product"><a href="https://www.amazon.com/dp/B007JXVR76?tag=eloabder-20&linkCode=osi&th=1&psc=1"><img src="https://m.media-amazon.com/images/I/41XRcLETtGL._SL500_.jpg" alt="Product Image"></a><p>Meow Mix Original Choice Dry Cat Food, 6.3 Pound Bag</p><p> -6% 0FF </p><p>$9.29 ($1.47 / lb)</p><a href="https://www.amazon.com/dp/B007JXVR76?tag=eloabder-20&linkCode=osi&th=1&psc=1">View Product</a></div><div class="product"><a href="https://www.amazon.com/dp/B0D9MW74TG?tag=eloabder-20&linkCode=osi&th=1&psc=1"><img src="https://m.media-amazon.com/images/I/51CSHkalU1L._SL500_.jpg" alt="Product Image"></a><p>Meow Mix Gravy Bursts Dry Cat Food, Chicken, 3 LB Bag</p><p> -16% 0FF </p><p>$5.72 ($1.91 / lb)</p><a href="https://www.amazon.com/dp/B0D9MW74TG?tag=eloabder-20&linkCode=osi&th=1&psc=1">View Product</a></div><div class="product"><a href="https://www.amazon.com/dp/B01H3OA7KI?tag=eloabder-20&linkCode=osi&th=1&psc=1"><img src="https://m.media-amazon.com/images/I/51vds1pph5L._SL500_.jpg" alt="Product Image"></a><p>Purina Cat Chow Hairball, Healthy Weight, Indoor, Natural Dry Cat Food, Naturals Indoor - 13 lb. Bag</p><p> -6% 0FF </p><p>$16.99 ($1.31 / lb)</p><a href="https://www.amazon.com/dp/B01H3OA7KI?tag=eloabder-20&linkCode=osi&th=1&psc=1">View Product</a></div><div class="product"><a href="https://www.amazon.com/dp/B01BKYFR7K?tag=eloabder-20&linkCode=osi&th=1&psc=1"><img src="https://m.media-amazon.com/images/I/41GYcHtJdcL._SL500_.jpg" alt="Product Image"></a><p>IAMS Proactive Health Indoor Weight Control & Hairball Care Adult Dry Cat Food, Chicken & Turkey Recipe, 7 lb. Bag</p><p> -11% 0FF </p><p>$16.97 ($2.42 / lb)</p><a href="https://www.amazon.com/dp/B01BKYFR7K?tag=eloabder-20&linkCode=osi&th=1&psc=1">View Product</a></div>
<div class="product"><a href="https://www.amazon.com/dp/B003PMQMK2?tag=eloabder-20&linkCode=osi&th=1&psc=1"><img src="https://m.media-amazon.com/images/I/51rKBA3bcNL._SL500_.jpg" alt="Product Image"></a><p>Milk-Bone MaroSnacks Small Dog Treats With Bone Marrow, 40 Ounce Container</p><p> -21% 0FF </p><p>$11.48 ($4.59 / lb)</p><a href="https://www.amazon.com/dp/B003PMQMK2?tag=eloabder-20&linkCode=osi&th=1&psc=1">View Product</a></div><div class="product"><a href="https://www.amazon.com/dp/B07BVL8TQF?tag=eloabder-20&linkCode=osi&th=1&psc=1"><img src="https://m.media-amazon.com/images/I/41V12A43ClL._SL500_.jpg" alt="Product Image"></a><p>Good ‘n’ Fun Triple Flavor Kabobs Chews for All Dogs, 24 Ounces, Treat Your Dog to Chews Made from Beef Hide, Real Chicken, Pork Hide, Duck and Chicken Liver</p><p> -27% 0FF </p><p>$15.98 ($10.65 / lb)</p><a href="https://www.amazon.com/dp/B07BVL8TQF?tag=eloabder-20&linkCode=osi&th=1&psc=1">View Product</a></div><div class="product"><a href="https://www.amazon.com/dp/B006HKA6II?tag=eloabder-20&linkCode=osi&th=1&psc=1"><img src="https://m.media-amazon.com/images/I/41sdmNauoVL._SL500_.jpg" alt="Product Image"></a><p>Milk-Bone Soft & Chewy Dog Treats, Beef & Filet Mignon Recipe, 25 Ounce</p><p> -7% 0FF </p><p>$14.48 ($9.27 / lb)</p><a href="https://www.amazon.com/dp/B006HKA6II?tag=eloabder-20&linkCode=osi&th=1&psc=1">View Product</a></div><div class="product"><a href="https://www.amazon.com/dp/B006W6YHHI?tag=eloabder-20&linkCode=osi&th=1&psc=1"><img src="https://m.media-amazon.com/images/I/51VcU1tm-7L._SL500_.jpg" alt="Product Image"></a><p>Greenies Original Regular Dental Dog Treats, 36 oz. Pack (36 Treats)</p><p> -8% 0FF </p><p>$36.97 ($16.43 / lb)</p><a href="https://www.amazon.com/dp/B006W6YHHI?tag=eloabder-20&linkCode=osi&th=1&psc=1">View Product</a></div><div class="product"><a href="https://www.amazon.com/dp/B07D323MFZ?tag=eloabder-20&linkCode=osi&th=1&psc=1"><img src="https://m.media-amazon.com/images/I/41OTio6+siL._SL500_.jpg" alt="Product Image"></a><p>INABA Churu Cat Treats, Grain-Free, Lickable, Squeezable Creamy Purée Cat Treat/Topper with Vitamin E & Taurine, 0.5 Ounces Each Tube, 50 Tubes, Tuna & Chicken Variety</p><p> -18% 0FF </p><p>$32.96 ($1.32 / Ounce)</p><a href="https://www.amazon.com/dp/B07D323MFZ?tag=eloabder-20&linkCode=osi&th=1&psc=1">View Product</a></div><div class="product"><a href="https://www.amazon.com/dp/B09MZDFLSV?tag=eloabder-20&linkCode=osi&th=1&psc=1"><img src="https://m.media-amazon.com/images/I/51mXUxhYDiL._SL500_.jpg" alt="Product Image"></a><p>Full Moon All Natural Human Grade Dog Treats, Essential Beef Savory Sticks, 22 Ounce, 1.375 Pound (Pack of 1)</p><p> -10% 0FF </p><p>$17.94 ($13.05 / lb)</p><a href="https://www.amazon.com/dp/B09MZDFLSV?tag=eloabder-20&linkCode=osi&th=1&psc=1">View Product</a></div><div class="product"><a href="https://www.amazon.com/dp/B07BVLGZW6?tag=eloabder-20&linkCode=osi&th=1&psc=1"><img src="https://m.media-amazon.com/images/I/51g5KoU0RiL._SL500_.jpg" alt="Product Image"></a><p>Good ‘n’ Fun Triple Flavor Wings Chews for All Dogs, 12 Ounces, Treat Your Dog to Long-Lasting Chews Made with Chicken, Pork Hide and Beef Hide</p><p> -27% 0FF </p><p>$10.48 ($13.97 / lb)</p><a href="https://www.amazon.com/dp/B07BVLGZW6?tag=eloabder-20&linkCode=osi&th=1&psc=1">View Product</a></div>
<div class="product"><a href="https://www.amazon.com/dp/B01EX0H12M?tag=eloabder-20&linkCode=osi&th=1&psc=1"><img src="https://m.media-amazon.com/images/I/41tpUtk3FGL._SL500_.jpg" alt="Product Image"></a><p>Full Moon Chicken Jerky Healthy All Natural Dog Treats Human Grade Made in USA Grain Free, 1.5 Pound (Pack of 1)</p><p> -19% 0FF </p><p>$26.44 ($17.63 / lb)</p><a href="https://www.amazon.com/dp/B01EX0H12M?tag=eloabder-20&linkCode=osi&th=1&psc=1">View Product</a></div>
<div class="product"><a href="https://www.amazon.com/dp/B07BTRHM75?tag=eloabder-20&linkCode=osi&th=1&psc=1"><img src="https://m.media-amazon.com/images/I/51yN5sax9BL._SL500_.jpg" alt="Product Image"></a><p>Delectables Bisque Lickable Wet Cat Treats - Chicken, Tuna & Shrimp, 12 count</p><p> -9% 0FF </p><p>$12.94 ($0.77 / Ounce)</p><a href="https://www.amazon.com/dp/B07BTRHM75?tag=eloabder-20&linkCode=osi&th=1&psc=1">View Product</a></div><div class="product"><a href="https://www.amazon.com/dp/B00M0FK8UU?tag=eloabder-20&linkCode=osi&th=1&psc=1"><img src="https://m.media-amazon.com/images/I/517+RuVAECL._SL500_.jpg" alt="Product Image"></a><p>Temptations MixUps Surfer's Delight Flavor Crunchy and Soft Cat Treats, 16 oz. Tub</p><p> -8% 0FF </p><p>$7.80 ($0.49 / Ounce)</p><a href="https://www.amazon.com/dp/B00M0FK8UU?tag=eloabder-20&linkCode=osi&th=1&psc=1">View Product</a></div><div class="product"><a href="https://www.amazon.com/dp/B07KGXQ1WC?tag=eloabder-20&linkCode=osi&th=1&psc=1"><img src="https://m.media-amazon.com/images/I/51lx-r6UP1L._SL500_.jpg" alt="Product Image"></a><p>Temptations Classic Crunchy and Soft Cat Treats, Shrimpy Shrimp Flavor, 16 oz. Tub</p><p> -25% 0FF </p><p>$6.36 ($0.40 / Ounce)</p><a href="https://www.amazon.com/dp/B07KGXQ1WC?tag=eloabder-20&linkCode=osi&th=1&psc=1">View Product</a></div>
<div class="product"><a href="https://www.amazon.com/dp/B0BHN7K52L?tag=eloabder-20&linkCode=osi&th=1&psc=1"><img src="https://m.media-amazon.com/images/I/41VtkP72E7L._SL500_.jpg" alt="Product Image"></a><p>Dog Toys for Aggresive Chewers - Tough,Indestructible Dog Toys for Large, Medium,Small Breed to Keep Them Busy</p><p> -38% 0FF </p><p>$9.99</p><a href="https://www.amazon.com/dp/B0BHN7K52L?tag=eloabder-20&linkCode=osi&th=1&psc=1">View Product</a></div><div class="product"><a href="https://www.amazon.com/dp/B000F4AVPA?tag=eloabder-20&linkCode=osi&th=1&psc=1"><img src="https://m.media-amazon.com/images/I/31NKTw5DUeL._SL500_.jpg" alt="Product Image"></a><p>Chuckit! Ultra Ball Dog Toy - Medium Bouncy Fetch Balls For Dogs 20-60 lbs - Made from Durable Rubber - Floating Water Pet Toys - Size Medium - 2.5-inch Diameter - Pack of 2</p><p> -35% 0FF </p><p>$7.13</p><a href="https://www.amazon.com/dp/B000F4AVPA?tag=eloabder-20&linkCode=osi&th=1&psc=1">View Product</a></div><div class="product"><a href="https://www.amazon.com/dp/B0B1LVKG8D?tag=eloabder-20&linkCode=osi&th=1&psc=1"><img src="https://m.media-amazon.com/images/I/51bjl2slJTL._SL500_.jpg" alt="Product Image"></a><p>Fuufome Large Squeaky Dog Toys- Plush Dog Toys with Soft Fabric for Small, Medium, and Large Dogs Daily Companionship, Training Reward Gift</p><p> -41% 0FF </p><p>$9.49</p><a href="https://www.amazon.com/dp/B0B1LVKG8D?tag=eloabder-20&linkCode=osi&th=1&psc=1">View Product</a></div>

<div class="product"><a href="https://www.amazon.com/dp/B01AHM6P18?tag=eloabder-20&linkCode=osi&th=1&psc=1"><img src="https://m.media-amazon.com/images/I/51z5bUF-cpL._SL500_.jpg" alt="Product Image"></a><p>Fashion's Talk Cat Toys Variety Pack for Kitty 20 Pieces</p><p> -21% 0FF </p><p>$9.49</p><a href="https://www.amazon.com/dp/B01AHM6P18?tag=eloabder-20&linkCode=osi&th=1&psc=1">View Product</a></div><div class="product"><a href="https://www.amazon.com/dp/B0DG1X5KHM?tag=eloabder-20&linkCode=osi&th=1&psc=1"><img src="https://m.media-amazon.com/images/I/31YvLOoWZsL._SL500_.jpg" alt="Product Image"></a><p>Jkanti Interactive Cat Toys for Indoor Cats,The 3rd Generation Agile Moving Cat Ball with Elastic Mesh Tail,Automatic Kitten Toys for Bored Indoor Adult Cats,Motion Activated (Orange)</p><p> -10% 0FF </p><p>$17.99</p><a href="https://www.amazon.com/dp/B0DG1X5KHM?tag=eloabder-20&linkCode=osi&th=1&psc=1">View Product</a></div><div class="product"><a href="https://www.amazon.com/dp/B0D6W8B4FM?tag=eloabder-20&linkCode=osi&th=1&psc=1"><img src="https://m.media-amazon.com/images/I/31tkIoBZ3tL._SL500_.jpg" alt="Product Image"></a><p>TBTeek Cat Toys, USB Rechargeable Kitten Toy, 3 Light Modes & 5 Adjustable Patterns, Portable Interactive Pet Dog Cat Mouse Toy for Fun Chase Play Exercise</p><p> -13% 0FF </p><p>$6.97</p><a href="https://www.amazon.com/dp/B0D6W8B4FM?tag=eloabder-20&linkCode=osi&th=1&psc=1">View Product</a></div><div class="product"><a href="https://www.amazon.com/dp/B0CZ3YD1V6?tag=eloabder-20&linkCode=osi&th=1&psc=1"><img src="https://m.media-amazon.com/images/I/41nrT5-eUfL._SL500_.jpg" alt="Product Image"></a><p>Potaroma Cat Toys Chew Ropes 3Pcs with Refillable Natural Catnip, Safe Teeth Cleaning Toy for Indoor Kittens, Interactive Cat Nip Kitty Toys for All Breeds 19.5 Inches</p><p> -42% 0FF </p><p>$7.59</p><a href="https://www.amazon.com/dp/B0CZ3YD1V6?tag=eloabder-20&linkCode=osi&th=1&psc=1">View Product</a></div><div class="product"><a href="https://www.amazon.com/dp/B09WHBG4DV?tag=eloabder-20&linkCode=osi&th=1&psc=1"><img src="https://m.media-amazon.com/images/I/41eXntBWimL._SL500_.jpg" alt="Product Image"></a><p>Potaroma Cat Toys Pillows, 3 Pack, Soft and Durable Crinkle Sound with Catnip Inside, Interactive Indoor Kitten Kicker, Promotes Kitty Exercise</p><p> -38% 0FF </p><p>$9.98</p><a href="https://www.amazon.com/dp/B09WHBG4DV?tag=eloabder-20&linkCode=osi&th=1&psc=1">View Product</a></div>
<div class="product"><a href="https://www.amazon.com/dp/B08CXGYW1Q?tag=eloabder-20&linkCode=osi&th=1&psc=1"><img src="https://m.media-amazon.com/images/I/51TwJcM8A9L._SL500_.jpg" alt="Product Image"></a><p>Bedsure Calming Dog Bed Medium Size Dog - Donut Washable Medium Pet Bed, 30 inches Anti-Slip Round Fluffy Plush Faux Fur Cat Bed, Fits up to 45 lbs Pets, Camel</p><p> -7% 0FF </p><p>$39.99</p><a href="https://www.amazon.com/dp/B08CXGYW1Q?tag=eloabder-20&linkCode=osi&th=1&psc=1">View Product</a></div><div class="product"><a href="https://www.amazon.com/dp/B0DBYVR7LH?tag=eloabder-20&linkCode=osi&th=1&psc=1"><img src="https://m.media-amazon.com/images/I/51Mdi5roe1L._SL500_.jpg" alt="Product Image"></a><p>Hoewina Dog & Cat Bed for Indoor Cats, 20in Calming Donut Bed for Puppy and Kitten, Washable Round Fluffy Pet Bed for Small Medium Dogs and Cats (Light Grey)</p><p> -18% 0FF </p><p>$9.85</p><a href="https://www.amazon.com/dp/B0DBYVR7LH?tag=eloabder-20&linkCode=osi&th=1&psc=1">View Product</a></div><div class="product"><a href="https://www.amazon.com/dp/B0FBLRWFC1?tag=eloabder-20&linkCode=osi&th=1&psc=1"><img src="https://m.media-amazon.com/images/I/41qIhp9dq7L._SL500_.jpg" alt="Product Image"></a><p>Donut Dog Bed for Small Medium Dogs Cats, 18 inch Calming Washable-Round Cozy Soft Pet Bed for Puppy and Kitten with Slip-Resistant Bottom</p><p> -50% 0FF </p><p>$9.99</p><a href="https://www.amazon.com/dp/B0FBLRWFC1?tag=eloabder-20&linkCode=osi&th=1&psc=1">View Product</a></div><div class="product"><a href="https://www.amazon.com/dp/B000TZ73EW?tag=eloabder-20&linkCode=osi&th=1&psc=1"><img src="https://m.media-amazon.com/images/I/41PrtjgWzEL._SL500_.jpg" alt="Product Image"></a><p>MidWest Homes for Pets QuietTime XXS Dog Bed – Cinnamon Faux Fur Bolster, Ultra-Soft and Machine Washable, Fits 18-Inch Crates and Carriers, for Small Dogs and Cats</p><p> -13% 0FF </p><p>$11.33</p><a href="https://www.amazon.com/dp/B000TZ73EW?tag=eloabder-20&linkCode=osi&th=1&psc=1">View Product</a></div>

<div class="product"><a href="https://www.amazon.com/dp/B0FJ2NPL47?tag=eloabder-20&linkCode=osi&th=1&psc=1"><img src="https://m.media-amazon.com/images/I/51TDSHRvQDL._SL500_.jpg" alt="Product Image"></a><p>Pet Hair Removal Glove for Dogs & Cats, Newly Upgraded Reusable Electrostatic Pet Hair Gloves, Pet Hair Remover Tool for Clothing, Couch, Carpet, Car Seat</p><p> -15% 0FF </p><p>$16.99</p><a href="https://www.amazon.com/dp/B0FJ2NPL47?tag=eloabder-20&linkCode=osi&th=1&psc=1">View Product</a></div><div class="product"><a href="https://www.amazon.com/dp/B0DMWBS87F?tag=eloabder-20&linkCode=osi&th=1&psc=1"><img src="https://m.media-amazon.com/images/I/51Q8Cx4sNWL._SL500_.jpg" alt="Product Image"></a><p>Paw Science Dog Eye Wipes - Hypoallergenic Eye & Face Wipes for Dogs, Cats, & Puppy - Pet Tear Stain Remover & Cleaner - Gently Cleans & Removes Discharge, Crust, & Gunk (Coconut)</p><p> -36% 0FF </p><p>$8.99 ($0.09 / Count)</p><a href="https://www.amazon.com/dp/B0DMWBS87F?tag=eloabder-20&linkCode=osi&th=1&psc=1">View Product</a></div><div class="product"><a href="https://www.amazon.com/dp/B0FH6PZ6RZ?tag=eloabder-20&linkCode=osi&th=1&psc=1"><img src="https://m.media-amazon.com/images/I/414hJ-w970L._SL500_.jpg" alt="Product Image"></a><p>Dog Nail Grinder with 2 LED Lights Powerful 2 Speeds Super Quiet Dog Nail Trimmers with 3 Grinding Wheels Rechargeable Pet Dog Nail Clippers for Large Medium Puppy Dogs Nail File Cat Nail Clipper Blue</p><p> -5% 0FF </p><p>$18.99</p><a href="https://www.amazon.com/dp/B0FH6PZ6RZ?tag=eloabder-20&linkCode=osi&th=1&psc=1">View Product</a></div><div class="product"><a href="https://www.amazon.com/dp/B0FD9MGDKV?tag=eloabder-20&linkCode=osi&th=1&psc=1"><img src="https://m.media-amazon.com/images/I/51XGj6QgMcL._SL500_.jpg" alt="Product Image"></a><p>Pet Hair Removal Glove for Cats & Dogs, Upgraded Five-Finger Electrostatic Pet Hair Gloves, Reusable Magic Brush Pet Hair Remover Tool for Laundry, Couch, Carpet, Car Seat</p><p> -19% 0FF </p><p>$16.17</p><a href="https://www.amazon.com/dp/B0FD9MGDKV?tag=eloabder-20&linkCode=osi&th=1&psc=1">View Product</a></div>
<div class="product"><a href="https://www.amazon.com/dp/B09K8YYVWV?tag=eloabder-20&linkCode=osi&th=1&psc=1"><img src="https://m.media-amazon.com/images/I/4123dxF1ijL._SL500_.jpg" alt="Product Image"></a><p>Blue Buffalo Life Protection Formula Natural Adult Dry Dog Food, Chicken and Brown Rice 5-lb Trial Size Bag</p><p> -17% 0FF </p><p>$14.98 ($3.00 / lb)</p><a href="https://www.amazon.com/dp/B09K8YYVWV?tag=eloabder-20&linkCode=osi&th=1&psc=1">View Product</a></div><div class="product"><a href="https://www.amazon.com/dp/B0000AH3QT?tag=eloabder-20&linkCode=osi&th=1&psc=1"><img src="https://m.media-amazon.com/images/I/41FXHOzdCWL._SL500_.jpg" alt="Product Image"></a><p>Purina ONE Chicken and Rice Formula Dry Dog Food - 8 lb. Bag</p><p> -9% 0FF </p><p>$16.28 ($2.04 / Pound)</p><a href="https://www.amazon.com/dp/B0000AH3QT?tag=eloabder-20&linkCode=osi&th=1&psc=1">View Product</a></div><div class="product"><a href="https://www.amazon.com/dp/B0000AH3QW?tag=eloabder-20&linkCode=osi&th=1&psc=1"><img src="https://m.media-amazon.com/images/I/41jXsOOPPtL._SL500_.jpg" alt="Product Image"></a><p>Purina ONE Dry Dog Food Lamb and Rice Formula - 8 lb. Bag</p><p> -9% 0FF </p><p>$16.28 ($2.04 / pound)</p><a href="https://www.amazon.com/dp/B0000AH3QW?tag=eloabder-20&linkCode=osi&th=1&psc=1">View Product</a></div><div class="product"><a href="https://www.amazon.com/dp/B09K9FDLFN?tag=eloabder-20&linkCode=osi&th=1&psc=1"><img src="https://m.media-amazon.com/images/I/41fn4P3zY0L._SL500_.jpg" alt="Product Image"></a><p>Blue Buffalo Life Protection Formula Natural Adult Small Breed Dry Dog Food, Chicken and Brown Rice 5-lb Trial Size Bag</p><p> -15% 0FF </p><p>$16.98 ($3.40 / lb)</p><a href="https://www.amazon.com/dp/B09K9FDLFN?tag=eloabder-20&linkCode=osi&th=1&psc=1">View Product</a></div><div class="product"><a href="https://www.amazon.com/dp/B008NHLZ2Y?tag=eloabder-20&linkCode=osi&th=1&psc=1"><img src="https://m.media-amazon.com/images/I/51OqxCyPKTL._SL500_.jpg" alt="Product Image"></a><p>Cesar Wet Dog Food Classic Loaf in Sauce Beef Recipe, Filet Mignon, Grilled Chicken and Porterhouse Steak Variety Pack, 3.5 oz. Easy Peel Trays (24 Count, Pack of 1)</p><p> -11% 0FF </p><p>$24.94 ($1.04 / Count)</p><a href="https://www.amazon.com/dp/B008NHLZ2Y?tag=eloabder-20&linkCode=osi&th=1&psc=1">View Product</a></div><div class="product"><a href="https://www.amazon.com/dp/B00DE7WKVS?tag=eloabder-20&linkCode=osi&th=1&psc=1"><img src="https://m.media-amazon.com/images/I/514-XqvXJJL._SL500_.jpg" alt="Product Image"></a><p>Purina ONE True Instinct With A Blend Of Real Turkey and Venison Dry Dog Food - 15 lb. Bag</p><p> -9% 0FF </p><p>$32.28 ($2.15 / Pound)</p><a href="https://www.amazon.com/dp/B00DE7WKVS?tag=eloabder-20&linkCode=osi&th=1&psc=1">View Product</a></div>
<div class="product"><a href="https://www.amazon.com/dp/B007JXVR76?tag=eloabder-20&linkCode=osi&th=1&psc=1"><img src="https://m.media-amazon.com/images/I/41XRcLETtGL._SL500_.jpg" alt="Product Image"></a><p>Meow Mix Original Choice Dry Cat Food, 6.3 Pound Bag</p><p> -6% 0FF </p><p>$9.29 ($1.47 / lb)</p><a href="https://www.amazon.com/dp/B007JXVR76?tag=eloabder-20&linkCode=osi&th=1&psc=1">View Product</a></div><div class="product"><a href="https://www.amazon.com/dp/B0D9MW74TG?tag=eloabder-20&linkCode=osi&th=1&psc=1"><img src="https://m.media-amazon.com/images/I/51CSHkalU1L._SL500_.jpg" alt="Product Image"></a><p>Meow Mix Gravy Bursts Dry Cat Food, Chicken, 3 LB Bag</p><p> -16% 0FF </p><p>$5.72 ($1.91 / lb)</p><a href="https://www.amazon.com/dp/B0D9MW74TG?tag=eloabder-20&linkCode=osi&th=1&psc=1">View Product</a></div><div class="product"><a href="https://www.amazon.com/dp/B01H3OA7KI?tag=eloabder-20&linkCode=osi&th=1&psc=1"><img src="https://m.media-amazon.com/images/I/51vds1pph5L._SL500_.jpg" alt="Product Image"></a><p>Purina Cat Chow Hairball, Healthy Weight, Indoor, Natural Dry Cat Food, Naturals Indoor - 13 lb. Bag</p><p> -6% 0FF </p><p>$16.99 ($1.31 / lb)</p><a href="https://www.amazon.com/dp/B01H3OA7KI?tag=eloabder-20&linkCode=osi&th=1&psc=1">View Product</a></div><div class="product"><a href="https://www.amazon.com/dp/B01BKYFR7K?tag=eloabder-20&linkCode=osi&th=1&psc=1"><img src="https://m.media-amazon.com/images/I/41GYcHtJdcL._SL500_.jpg" alt="Product Image"></a><p>IAMS Proactive Health Indoor Weight Control & Hairball Care Adult Dry Cat Food, Chicken & Turkey Recipe, 7 lb. Bag</p><p> -11% 0FF </p><p>$16.97 ($2.42 / lb)</p><a href="https://www.amazon.com/dp/B01BKYFR7K?tag=eloabder-20&linkCode=osi&th=1&psc=1">View Product</a></div>
<div class="product"><a href="https://www.amazon.com/dp/B003PMQMK2?tag=eloabder-20&linkCode=osi&th=1&psc=1"><img src="https://m.media-amazon.com/images/I/51rKBA3bcNL._SL500_.jpg" alt="Product Image"></a><p>Milk-Bone MaroSnacks Small Dog Treats With Bone Marrow, 40 Ounce Container</p><p> -21% 0FF </p><p>$11.48 ($4.59 / lb)</p><a href="https://www.amazon.com/dp/B003PMQMK2?tag=eloabder-20&linkCode=osi&th=1&psc=1">View Product</a></div><div class="product"><a href="https://www.amazon.com/dp/B07BVL8TQF?tag=eloabder-20&linkCode=osi&th=1&psc=1"><img src="https://m.media-amazon.com/images/I/41V12A43ClL._SL500_.jpg" alt="Product Image"></a><p>Good ‘n’ Fun Triple Flavor Kabobs Chews for All Dogs, 24 Ounces, Treat Your Dog to Chews Made from Beef Hide, Real Chicken, Pork Hide, Duck and Chicken Liver</p><p> -27% 0FF </p><p>$15.98 ($10.65 / lb)</p><a href="https://www.amazon.com/dp/B07BVL8TQF?tag=eloabder-20&linkCode=osi&th=1&psc=1">View Product</a></div><div class="product"><a href="https://www.amazon.com/dp/B006HKA6II?tag=eloabder-20&linkCode=osi&th=1&psc=1"><img src="https://m.media-amazon.com/images/I/41sdmNauoVL._SL500_.jpg" alt="Product Image"></a><p>Milk-Bone Soft & Chewy Dog Treats, Beef & Filet Mignon Recipe, 25 Ounce</p><p> -7% 0FF </p><p>$14.48 ($9.27 / lb)</p><a href="https://www.amazon.com/dp/B006HKA6II?tag=eloabder-20&linkCode=osi&th=1&psc=1">View Product</a></div><div class="product"><a href="https://www.amazon.com/dp/B006W6YHHI?tag=eloabder-20&linkCode=osi&th=1&psc=1"><img src="https://m.media-amazon.com/images/I/51VcU1tm-7L._SL500_.jpg" alt="Product Image"></a><p>Greenies Original Regular Dental Dog Treats, 36 oz. Pack (36 Treats)</p><p> -8% 0FF </p><p>$36.97 ($16.43 / lb)</p><a href="https://www.amazon.com/dp/B006W6YHHI?tag=eloabder-20&linkCode=osi&th=1&psc=1">View Product</a></div><div class="product"><a href="https://www.amazon.com/dp/B07D323MFZ?tag=eloabder-20&linkCode=osi&th=1&psc=1"><img src="https://m.media-amazon.com/images/I/41OTio6+siL._SL500_.jpg" alt="Product Image"></a><p>INABA Churu Cat Treats, Grain-Free, Lickable, Squeezable Creamy Purée Cat Treat/Topper with Vitamin E & Taurine, 0.5 Ounces Each Tube, 50 Tubes, Tuna & Chicken Variety</p><p> -18% 0FF </p><p>$32.96 ($1.32 / Ounce)</p><a href="https://www.amazon.com/dp/B07D323MFZ?tag=eloabder-20&linkCode=osi&th=1&psc=1">View Product</a></div><div class="product"><a href="https://www.amazon.com/dp/B09MZDFLSV?tag=eloabder-20&linkCode=osi&th=1&psc=1"><img src="https://m.media-amazon.com/images/I/51mXUxhYDiL._SL500_.jpg" alt="Product Image"></a><p>Full Moon All Natural Human Grade Dog Treats, Essential Beef Savory Sticks, 22 Ounce, 1.375 Pound (Pack of 1)</p><p> -10% 0FF </p><p>$17.94 ($13.05 / lb)</p><a href="https://www.amazon.com/dp/B09MZDFLSV?tag=eloabder-20&linkCode=osi&th=1&psc=1">View Product</a></div><div class="product"><a href="https://www.amazon.com/dp/B07BVLGZW6?tag=eloabder-20&linkCode=osi&th=1&psc=1"><img src="https://m.media-amazon.com/images/I/51g5KoU0RiL._SL500_.jpg" alt="Product Image"></a><p>Good ‘n’ Fun Triple Flavor Wings Chews for All Dogs, 12 Ounces, Treat Your Dog to Long-Lasting Chews Made with Chicken, Pork Hide and Beef Hide</p><p> -27% 0FF </p><p>$10.48 ($13.97 / lb)</p><a href="https://www.amazon.com/dp/B07BVLGZW6?tag=eloabder-20&linkCode=osi&th=1&psc=1">View Product</a></div>
<div class="product"><a href="https://www.amazon.com/dp/B01EX0H12M?tag=eloabder-20&linkCode=osi&th=1&psc=1"><img src="https://m.media-amazon.com/images/I/41tpUtk3FGL._SL500_.jpg" alt="Product Image"></a><p>Full Moon Chicken Jerky Healthy All Natural Dog Treats Human Grade Made in USA Grain Free, 1.5 Pound (Pack of 1)</p><p> -19% 0FF </p><p>$26.44 ($17.63 / lb)</p><a href="https://www.amazon.com/dp/B01EX0H12M?tag=eloabder-20&linkCode=osi&th=1&psc=1">View Product</a></div>
<div class="product"><a href="https://www.amazon.com/dp/B07BTRHM75?tag=eloabder-20&linkCode=osi&th=1&psc=1"><img src="https://m.media-amazon.com/images/I/51yN5sax9BL._SL500_.jpg" alt="Product Image"></a><p>Delectables Bisque Lickable Wet Cat Treats - Chicken, Tuna & Shrimp, 12 count</p><p> -9% 0FF </p><p>$12.94 ($0.77 / Ounce)</p><a href="https://www.amazon.com/dp/B07BTRHM75?tag=eloabder-20&linkCode=osi&th=1&psc=1">View Product</a></div><div class="product"><a href="https://www.amazon.com/dp/B00M0FK8UU?tag=eloabder-20&linkCode=osi&th=1&psc=1"><img src="https://m.media-amazon.com/images/I/517+RuVAECL._SL500_.jpg" alt="Product Image"></a><p>Temptations MixUps Surfer's Delight Flavor Crunchy and Soft Cat Treats, 16 oz. Tub</p><p> -8% 0FF </p><p>$7.80 ($0.49 / Ounce)</p><a href="https://www.amazon.com/dp/B00M0FK8UU?tag=eloabder-20&linkCode=osi&th=1&psc=1">View Product</a></div><div class="product"><a href="https://www.amazon.com/dp/B07KGXQ1WC?tag=eloabder-20&linkCode=osi&th=1&psc=1"><img src="https://m.media-amazon.com/images/I/51lx-r6UP1L._SL500_.jpg" alt="Product Image"></a><p>Temptations Classic Crunchy and Soft Cat Treats, Shrimpy Shrimp Flavor, 16 oz. Tub</p><p> -25% 0FF </p><p>$6.36 ($0.40 / Ounce)</p><a href="https://www.amazon.com/dp/B07KGXQ1WC?tag=eloabder-20&linkCode=osi&th=1&psc=1">View Product</a></div>
<div class="product"><a href="https://www.amazon.com/dp/B0BHN7K52L?tag=eloabder-20&linkCode=osi&th=1&psc=1"><img src="https://m.media-amazon.com/images/I/41VtkP72E7L._SL500_.jpg" alt="Product Image"></a><p>Dog Toys for Aggresive Chewers - Tough,Indestructible Dog Toys for Large, Medium,Small Breed to Keep Them Busy</p><p> -38% 0FF </p><p>$9.99</p><a href="https://www.amazon.com/dp/B0BHN7K52L?tag=eloabder-20&linkCode=osi&th=1&psc=1">View Product</a></div><div class="product"><a href="https://www.amazon.com/dp/B000F4AVPA?tag=eloabder-20&linkCode=osi&th=1&psc=1"><img src="https://m.media-amazon.com/images/I/31NKTw5DUeL._SL500_.jpg" alt="Product Image"></a><p>Chuckit! Ultra Ball Dog Toy - Medium Bouncy Fetch Balls For Dogs 20-60 lbs - Made from Durable Rubber - Floating Water Pet Toys - Size Medium - 2.5-inch Diameter - Pack of 2</p><p> -35% 0FF </p><p>$7.13</p><a href="https://www.amazon.com/dp/B000F4AVPA?tag=eloabder-20&linkCode=osi&th=1&psc=1">View Product</a></div><div class="product"><a href="https://www.amazon.com/dp/B0B1LVKG8D?tag=eloabder-20&linkCode=osi&th=1&psc=1"><img src="https://m.media-amazon.com/images/I/51bjl2slJTL._SL500_.jpg" alt="Product Image"></a><p>Fuufome Large Squeaky Dog Toys- Plush Dog Toys with Soft Fabric for Small, Medium, and Large Dogs Daily Companionship, Training Reward Gift</p><p> -41% 0FF </p><p>$9.49</p><a href="https://www.amazon.com/dp/B0B1LVKG8D?tag=eloabder-20&linkCode=osi&th=1&psc=1">View Product</a></div>

<div class="product"><a href="https://www.amazon.com/dp/B01AHM6P18?tag=eloabder-20&linkCode=osi&th=1&psc=1"><img src="https://m.media-amazon.com/images/I/51z5bUF-cpL._SL500_.jpg" alt="Product Image"></a><p>Fashion's Talk Cat Toys Variety Pack for Kitty 20 Pieces</p><p> -21% 0FF </p><p>$9.49</p><a href="https://www.amazon.com/dp/B01AHM6P18?tag=eloabder-20&linkCode=osi&th=1&psc=1">View Product</a></div><div class="product"><a href="https://www.amazon.com/dp/B0DG1X5KHM?tag=eloabder-20&linkCode=osi&th=1&psc=1"><img src="https://m.media-amazon.com/images/I/31YvLOoWZsL._SL500_.jpg" alt="Product Image"></a><p>Jkanti Interactive Cat Toys for Indoor Cats,The 3rd Generation Agile Moving Cat Ball with Elastic Mesh Tail,Automatic Kitten Toys for Bored Indoor Adult Cats,Motion Activated (Orange)</p><p> -10% 0FF </p><p>$17.99</p><a href="https://www.amazon.com/dp/B0DG1X5KHM?tag=eloabder-20&linkCode=osi&th=1&psc=1">View Product</a></div><div class="product"><a href="https://www.amazon.com/dp/B0D6W8B4FM?tag=eloabder-20&linkCode=osi&th=1&psc=1"><img src="https://m.media-amazon.com/images/I/31tkIoBZ3tL._SL500_.jpg" alt="Product Image"></a><p>TBTeek Cat Toys, USB Rechargeable Kitten Toy, 3 Light Modes & 5 Adjustable Patterns, Portable Interactive Pet Dog Cat Mouse Toy for Fun Chase Play Exercise</p><p> -13% 0FF </p><p>$6.97</p><a href="https://www.amazon.com/dp/B0D6W8B4FM?tag=eloabder-20&linkCode=osi&th=1&psc=1">View Product</a></div><div class="product"><a href="https://www.amazon.com/dp/B0CZ3YD1V6?tag=eloabder-20&linkCode=osi&th=1&psc=1"><img src="https://m.media-amazon.com/images/I/41nrT5-eUfL._SL500_.jpg" alt="Product Image"></a><p>Potaroma Cat Toys Chew Ropes 3Pcs with Refillable Natural Catnip, Safe Teeth Cleaning Toy for Indoor Kittens, Interactive Cat Nip Kitty Toys for All Breeds 19.5 Inches</p><p> -42% 0FF </p><p>$7.59</p><a href="https://www.amazon.com/dp/B0CZ3YD1V6?tag=eloabder-20&linkCode=osi&th=1&psc=1">View Product</a></div><div class="product"><a href="https://www.amazon.com/dp/B09WHBG4DV?tag=eloabder-20&linkCode=osi&th=1&psc=1"><img src="https://m.media-amazon.com/images/I/41eXntBWimL._SL500_.jpg" alt="Product Image"></a><p>Potaroma Cat Toys Pillows, 3 Pack, Soft and Durable Crinkle Sound with Catnip Inside, Interactive Indoor Kitten Kicker, Promotes Kitty Exercise</p><p> -38% 0FF </p><p>$9.98</p><a href="https://www.amazon.com/dp/B09WHBG4DV?tag=eloabder-20&linkCode=osi&th=1&psc=1">View Product</a></div>
<div class="product"><a href="https://www.amazon.com/dp/B08CXGYW1Q?tag=eloabder-20&linkCode=osi&th=1&psc=1"><img src="https://m.media-amazon.com/images/I/51TwJcM8A9L._SL500_.jpg" alt="Product Image"></a><p>Bedsure Calming Dog Bed Medium Size Dog - Donut Washable Medium Pet Bed, 30 inches Anti-Slip Round Fluffy Plush Faux Fur Cat Bed, Fits up to 45 lbs Pets, Camel</p><p> -7% 0FF </p><p>$39.99</p><a href="https://www.amazon.com/dp/B08CXGYW1Q?tag=eloabder-20&linkCode=osi&th=1&psc=1">View Product</a></div><div class="product"><a href="https://www.amazon.com/dp/B0DBYVR7LH?tag=eloabder-20&linkCode=osi&th=1&psc=1"><img src="https://m.media-amazon.com/images/I/51Mdi5roe1L._SL500_.jpg" alt="Product Image"></a><p>Hoewina Dog & Cat Bed for Indoor Cats, 20in Calming Donut Bed for Puppy and Kitten, Washable Round Fluffy Pet Bed for Small Medium Dogs and Cats (Light Grey)</p><p> -18% 0FF </p><p>$9.85</p><a href="https://www.amazon.com/dp/B0DBYVR7LH?tag=eloabder-20&linkCode=osi&th=1&psc=1">View Product</a></div><div class="product"><a href="https://www.amazon.com/dp/B0FBLRWFC1?tag=eloabder-20&linkCode=osi&th=1&psc=1"><img src="https://m.media-amazon.com/images/I/41qIhp9dq7L._SL500_.jpg" alt="Product Image"></a><p>Donut Dog Bed for Small Medium Dogs Cats, 18 inch Calming Washable-Round Cozy Soft Pet Bed for Puppy and Kitten with Slip-Resistant Bottom</p><p> -50% 0FF </p><p>$9.99</p><a href="https://www.amazon.com/dp/B0FBLRWFC1?tag=eloabder-20&linkCode=osi&th=1&psc=1">View Product</a></div><div class="product"><a href="https://www.amazon.com/dp/B000TZ73EW?tag=eloabder-20&linkCode=osi&th=1&psc=1"><img src="https://m.media-amazon.com/images/I/41PrtjgWzEL._SL500_.jpg" alt="Product Image"></a><p>MidWest Homes for Pets QuietTime XXS Dog Bed – Cinnamon Faux Fur Bolster, Ultra-Soft and Machine Washable, Fits 18-Inch Crates and Carriers, for Small Dogs and Cats</p><p> -13% 0FF </p><p>$11.33</p><a href="https://www.amazon.com/dp/B000TZ73EW?tag=eloabder-20&linkCode=osi&th=1&psc=1">View Product</a></div>


<div class="product"><a href="https://www.amazon.com/dp/B0FJ2NPL47?tag=eloabder-20&linkCode=osi&th=1&psc=1"><img src="https://m.media-amazon.com/images/I/51TDSHRvQDL._SL500_.jpg" alt="Product Image"></a><p>Pet Hair Removal Glove for Dogs & Cats, Newly Upgraded Reusable Electrostatic Pet Hair Gloves, Pet Hair Remover Tool for Clothing, Couch, Carpet, Car Seat</p><p> -15% 0FF </p><p>$16.99</p><a href="https://www.amazon.com/dp/B0FJ2NPL47?tag=eloabder-20&linkCode=osi&th=1&psc=1">View Product</a></div><div class="product"><a href="https://www.amazon.com/dp/B0DMWBS87F?tag=eloabder-20&linkCode=osi&th=1&psc=1"><img src="https://m.media-amazon.com/images/I/51Q8Cx4sNWL._SL500_.jpg" alt="Product Image"></a><p>Paw Science Dog Eye Wipes - Hypoallergenic Eye & Face Wipes for Dogs, Cats, & Puppy - Pet Tear Stain Remover & Cleaner - Gently Cleans & Removes Discharge, Crust, & Gunk (Coconut)</p><p> -36% 0FF </p><p>$8.99 ($0.09 / Count)</p><a href="https://www.amazon.com/dp/B0DMWBS87F?tag=eloabder-20&linkCode=osi&th=1&psc=1">View Product</a></div><div class="product"><a href="https://www.amazon.com/dp/B0FH6PZ6RZ?tag=eloabder-20&linkCode=osi&th=1&psc=1"><img src="https://m.media-amazon.com/images/I/414hJ-w970L._SL500_.jpg" alt="Product Image"></a><p>Dog Nail Grinder with 2 LED Lights Powerful 2 Speeds Super Quiet Dog Nail Trimmers with 3 Grinding Wheels Rechargeable Pet Dog Nail Clippers for Large Medium Puppy Dogs Nail File Cat Nail Clipper Blue</p><p> -5% 0FF </p><p>$18.99</p><a href="https://www.amazon.com/dp/B0FH6PZ6RZ?tag=eloabder-20&linkCode=osi&th=1&psc=1">View Product</a></div><div class="product"><a href="https://www.amazon.com/dp/B0FD9MGDKV?tag=eloabder-20&linkCode=osi&th=1&psc=1"><img src="https://m.media-amazon.com/images/I/51XGj6QgMcL._SL500_.jpg" alt="Product Image"></a><p>Pet Hair Removal Glove for Cats & Dogs, Upgraded Five-Finger Electrostatic Pet Hair Gloves, Reusable Magic Brush Pet Hair Remover Tool for Laundry, Couch, Carpet, Car Seat</p><p> -19% 0FF </p><p>$16.17</p><a href="https://www.amazon.com/dp/B0FD9MGDKV?tag=eloabder-20&linkCode=osi&th=1&psc=1">View Product</a></div>
<div class="product"><a href="https://www.amazon.com/dp/B09K8YYVWV?tag=eloabder-20&linkCode=osi&th=1&psc=1"><img src="https://m.media-amazon.com/images/I/4123dxF1ijL._SL500_.jpg" alt="Product Image"></a><p>Blue Buffalo Life Protection Formula Natural Adult Dry Dog Food, Chicken and Brown Rice 5-lb Trial Size Bag</p><p> -17% 0FF </p><p>$14.98 ($3.00 / lb)</p><a href="https://www.amazon.com/dp/B09K8YYVWV?tag=eloabder-20&linkCode=osi&th=1&psc=1">View Product</a></div><div class="product"><a href="https://www.amazon.com/dp/B0000AH3QT?tag=eloabder-20&linkCode=osi&th=1&psc=1"><img src="https://m.media-amazon.com/images/I/41FXHOzdCWL._SL500_.jpg" alt="Product Image"></a><p>Purina ONE Chicken and Rice Formula Dry Dog Food - 8 lb. Bag</p><p> -9% 0FF </p><p>$16.28 ($2.04 / Pound)</p><a href="https://www.amazon.com/dp/B0000AH3QT?tag=eloabder-20&linkCode=osi&th=1&psc=1">View Product</a></div><div class="product"><a href="https://www.amazon.com/dp/B0000AH3QW?tag=eloabder-20&linkCode=osi&th=1&psc=1"><img src="https://m.media-amazon.com/images/I/41jXsOOPPtL._SL500_.jpg" alt="Product Image"></a><p>Purina ONE Dry Dog Food Lamb and Rice Formula - 8 lb. Bag</p><p> -9% 0FF </p><p>$16.28 ($2.04 / pound)</p><a href="https://www.amazon.com/dp/B0000AH3QW?tag=eloabder-20&linkCode=osi&th=1&psc=1">View Product</a></div><div class="product"><a href="https://www.amazon.com/dp/B09K9FDLFN?tag=eloabder-20&linkCode=osi&th=1&psc=1"><img src="https://m.media-amazon.com/images/I/41fn4P3zY0L._SL500_.jpg" alt="Product Image"></a><p>Blue Buffalo Life Protection Formula Natural Adult Small Breed Dry Dog Food, Chicken and Brown Rice 5-lb Trial Size Bag</p><p> -15% 0FF </p><p>$16.98 ($3.40 / lb)</p><a href="https://www.amazon.com/dp/B09K9FDLFN?tag=eloabder-20&linkCode=osi&th=1&psc=1">View Product</a></div><div class="product"><a href="https://www.amazon.com/dp/B008NHLZ2Y?tag=eloabder-20&linkCode=osi&th=1&psc=1"><img src="https://m.media-amazon.com/images/I/51OqxCyPKTL._SL500_.jpg" alt="Product Image"></a><p>Cesar Wet Dog Food Classic Loaf in Sauce Beef Recipe, Filet Mignon, Grilled Chicken and Porterhouse Steak Variety Pack, 3.5 oz. Easy Peel Trays (24 Count, Pack of 1)</p><p> -11% 0FF </p><p>$24.94 ($1.04 / Count)</p><a href="https://www.amazon.com/dp/B008NHLZ2Y?tag=eloabder-20&linkCode=osi&th=1&psc=1">View Product</a></div><div class="product"><a href="https://www.amazon.com/dp/B00DE7WKVS?tag=eloabder-20&linkCode=osi&th=1&psc=1"><img src="https://m.media-amazon.com/images/I/514-XqvXJJL._SL500_.jpg" alt="Product Image"></a><p>Purina ONE True Instinct With A Blend Of Real Turkey and Venison Dry Dog Food - 15 lb. Bag</p><p> -9% 0FF </p><p>$32.28 ($2.15 / Pound)</p><a href="https://www.amazon.com/dp/B00DE7WKVS?tag=eloabder-20&linkCode=osi&th=1&psc=1">View Product</a></div>
<div class="product"><a href="https://www.amazon.com/dp/B007JXVR76?tag=eloabder-20&linkCode=osi&th=1&psc=1"><img src="https://m.media-amazon.com/images/I/41XRcLETtGL._SL500_.jpg" alt="Product Image"></a><p>Meow Mix Original Choice Dry Cat Food, 6.3 Pound Bag</p><p> -6% 0FF </p><p>$9.29 ($1.47 / lb)</p><a href="https://www.amazon.com/dp/B007JXVR76?tag=eloabder-20&linkCode=osi&th=1&psc=1">View Product</a></div><div class="product"><a href="https://www.amazon.com/dp/B0D9MW74TG?tag=eloabder-20&linkCode=osi&th=1&psc=1"><img src="https://m.media-amazon.com/images/I/51CSHkalU1L._SL500_.jpg" alt="Product Image"></a><p>Meow Mix Gravy Bursts Dry Cat Food, Chicken, 3 LB Bag</p><p> -16% 0FF </p><p>$5.72 ($1.91 / lb)</p><a href="https://www.amazon.com/dp/B0D9MW74TG?tag=eloabder-20&linkCode=osi&th=1&psc=1">View Product</a></div><div class="product"><a href="https://www.amazon.com/dp/B01H3OA7KI?tag=eloabder-20&linkCode=osi&th=1&psc=1"><img src="https://m.media-amazon.com/images/I/51vds1pph5L._SL500_.jpg" alt="Product Image"></a><p>Purina Cat Chow Hairball, Healthy Weight, Indoor, Natural Dry Cat Food, Naturals Indoor - 13 lb. Bag</p><p> -6% 0FF </p><p>$16.99 ($1.31 / lb)</p><a href="https://www.amazon.com/dp/B01H3OA7KI?tag=eloabder-20&linkCode=osi&th=1&psc=1">View Product</a></div><div class="product"><a href="https://www.amazon.com/dp/B01BKYFR7K?tag=eloabder-20&linkCode=osi&th=1&psc=1"><img src="https://m.media-amazon.com/images/I/41GYcHtJdcL._SL500_.jpg" alt="Product Image"></a><p>IAMS Proactive Health Indoor Weight Control & Hairball Care Adult Dry Cat Food, Chicken & Turkey Recipe, 7 lb. Bag</p><p> -11% 0FF </p><p>$16.97 ($2.42 / lb)</p><a href="https://www.amazon.com/dp/B01BKYFR7K?tag=eloabder-20&linkCode=osi&th=1&psc=1">View Product</a></div>
<div class="product"><a href="https://www.amazon.com/dp/B003PMQMK2?tag=eloabder-20&linkCode=osi&th=1&psc=1"><img src="https://m.media-amazon.com/images/I/51rKBA3bcNL._SL500_.jpg" alt="Product Image"></a><p>Milk-Bone MaroSnacks Small Dog Treats With Bone Marrow, 40 Ounce Container</p><p> -21% 0FF </p><p>$11.48 ($4.59 / lb)</p><a href="https://www.amazon.com/dp/B003PMQMK2?tag=eloabder-20&linkCode=osi&th=1&psc=1">View Product</a></div><div class="product"><a href="https://www.amazon.com/dp/B07BVL8TQF?tag=eloabder-20&linkCode=osi&th=1&psc=1"><img src="https://m.media-amazon.com/images/I/41V12A43ClL._SL500_.jpg" alt="Product Image"></a><p>Good ‘n’ Fun Triple Flavor Kabobs Chews for All Dogs, 24 Ounces, Treat Your Dog to Chews Made from Beef Hide, Real Chicken, Pork Hide, Duck and Chicken Liver</p><p> -27% 0FF </p><p>$15.98 ($10.65 / lb)</p><a href="https://www.amazon.com/dp/B07BVL8TQF?tag=eloabder-20&linkCode=osi&th=1&psc=1">View Product</a></div><div class="product"><a href="https://www.amazon.com/dp/B006HKA6II?tag=eloabder-20&linkCode=osi&th=1&psc=1"><img src="https://m.media-amazon.com/images/I/41sdmNauoVL._SL500_.jpg" alt="Product Image"></a><p>Milk-Bone Soft & Chewy Dog Treats, Beef & Filet Mignon Recipe, 25 Ounce</p><p> -7% 0FF </p><p>$14.48 ($9.27 / lb)</p><a href="https://www.amazon.com/dp/B006HKA6II?tag=eloabder-20&linkCode=osi&th=1&psc=1">View Product</a></div><div class="product"><a href="https://www.amazon.com/dp/B006W6YHHI?tag=eloabder-20&linkCode=osi&th=1&psc=1"><img src="https://m.media-amazon.com/images/I/51VcU1tm-7L._SL500_.jpg" alt="Product Image"></a><p>Greenies Original Regular Dental Dog Treats, 36 oz. Pack (36 Treats)</p><p> -8% 0FF </p><p>$36.97 ($16.43 / lb)</p><a href="https://www.amazon.com/dp/B006W6YHHI?tag=eloabder-20&linkCode=osi&th=1&psc=1">View Product</a></div><div class="product"><a href="https://www.amazon.com/dp/B07D323MFZ?tag=eloabder-20&linkCode=osi&th=1&psc=1"><img src="https://m.media-amazon.com/images/I/41OTio6+siL._SL500_.jpg" alt="Product Image"></a><p>INABA Churu Cat Treats, Grain-Free, Lickable, Squeezable Creamy Purée Cat Treat/Topper with Vitamin E & Taurine, 0.5 Ounces Each Tube, 50 Tubes, Tuna & Chicken Variety</p><p> -18% 0FF </p><p>$32.96 ($1.32 / Ounce)</p><a href="https://www.amazon.com/dp/B07D323MFZ?tag=eloabder-20&linkCode=osi&th=1&psc=1">View Product</a></div><div class="product"><a href="https://www.amazon.com/dp/B09MZDFLSV?tag=eloabder-20&linkCode=osi&th=1&psc=1"><img src="https://m.media-amazon.com/images/I/51mXUxhYDiL._SL500_.jpg" alt="Product Image"></a><p>Full Moon All Natural Human Grade Dog Treats, Essential Beef Savory Sticks, 22 Ounce, 1.375 Pound (Pack of 1)</p><p> -10% 0FF </p><p>$17.94 ($13.05 / lb)</p><a href="https://www.amazon.com/dp/B09MZDFLSV?tag=eloabder-20&linkCode=osi&th=1&psc=1">View Product</a></div><div class="product"><a href="https://www.amazon.com/dp/B07BVLGZW6?tag=eloabder-20&linkCode=osi&th=1&psc=1"><img src="https://m.media-amazon.com/images/I/51g5KoU0RiL._SL500_.jpg" alt="Product Image"></a><p>Good ‘n’ Fun Triple Flavor Wings Chews for All Dogs, 12 Ounces, Treat Your Dog to Long-Lasting Chews Made with Chicken, Pork Hide and Beef Hide</p><p> -27% 0FF </p><p>$10.48 ($13.97 / lb)</p><a href="https://www.amazon.com/dp/B07BVLGZW6?tag=eloabder-20&linkCode=osi&th=1&psc=1">View Product</a></div>
<div class="product"><a href="https://www.amazon.com/dp/B01EX0H12M?tag=eloabder-20&linkCode=osi&th=1&psc=1"><img src="https://m.media-amazon.com/images/I/41tpUtk3FGL._SL500_.jpg" alt="Product Image"></a><p>Full Moon Chicken Jerky Healthy All Natural Dog Treats Human Grade Made in USA Grain Free, 1.5 Pound (Pack of 1)</p><p> -19% 0FF </p><p>$26.44 ($17.63 / lb)</p><a href="https://www.amazon.com/dp/B01EX0H12M?tag=eloabder-20&linkCode=osi&th=1&psc=1">View Product</a></div>
<div class="product"><a href="https://www.amazon.com/dp/B07BTRHM75?tag=eloabder-20&linkCode=osi&th=1&psc=1"><img src="https://m.media-amazon.com/images/I/51yN5sax9BL._SL500_.jpg" alt="Product Image"></a><p>Delectables Bisque Lickable Wet Cat Treats - Chicken, Tuna & Shrimp, 12 count</p><p> -9% 0FF </p><p>$12.94 ($0.77 / Ounce)</p><a href="https://www.amazon.com/dp/B07BTRHM75?tag=eloabder-20&linkCode=osi&th=1&psc=1">View Product</a></div><div class="product"><a href="https://www.amazon.com/dp/B00M0FK8UU?tag=eloabder-20&linkCode=osi&th=1&psc=1"><img src="https://m.media-amazon.com/images/I/517+RuVAECL._SL500_.jpg" alt="Product Image"></a><p>Temptations MixUps Surfer's Delight Flavor Crunchy and Soft Cat Treats, 16 oz. Tub</p><p> -8% 0FF </p><p>$7.80 ($0.49 / Ounce)</p><a href="https://www.amazon.com/dp/B00M0FK8UU?tag=eloabder-20&linkCode=osi&th=1&psc=1">View Product</a></div><div class="product"><a href="https://www.amazon.com/dp/B07KGXQ1WC?tag=eloabder-20&linkCode=osi&th=1&psc=1"><img src="https://m.media-amazon.com/images/I/51lx-r6UP1L._SL500_.jpg" alt="Product Image"></a><p>Temptations Classic Crunchy and Soft Cat Treats, Shrimpy Shrimp Flavor, 16 oz. Tub</p><p> -25% 0FF </p><p>$6.36 ($0.40 / Ounce)</p><a href="https://www.amazon.com/dp/B07KGXQ1WC?tag=eloabder-20&linkCode=osi&th=1&psc=1">View Product</a></div>
<div class="product"><a href="https://www.amazon.com/dp/B0BHN7K52L?tag=eloabder-20&linkCode=osi&th=1&psc=1"><img src="https://m.media-amazon.com/images/I/41VtkP72E7L._SL500_.jpg" alt="Product Image"></a><p>Dog Toys for Aggresive Chewers - Tough,Indestructible Dog Toys for Large, Medium,Small Breed to Keep Them Busy</p><p> -38% 0FF </p><p>$9.99</p><a href="https://www.amazon.com/dp/B0BHN7K52L?tag=eloabder-20&linkCode=osi&th=1&psc=1">View Product</a></div><div class="product"><a href="https://www.amazon.com/dp/B000F4AVPA?tag=eloabder-20&linkCode=osi&th=1&psc=1"><img src="https://m.media-amazon.com/images/I/31NKTw5DUeL._SL500_.jpg" alt="Product Image"></a><p>Chuckit! Ultra Ball Dog Toy - Medium Bouncy Fetch Balls For Dogs 20-60 lbs - Made from Durable Rubber - Floating Water Pet Toys - Size Medium - 2.5-inch Diameter - Pack of 2</p><p> -35% 0FF </p><p>$7.13</p><a href="https://www.amazon.com/dp/B000F4AVPA?tag=eloabder-20&linkCode=osi&th=1&psc=1">View Product</a></div><div class="product"><a href="https://www.amazon.com/dp/B0B1LVKG8D?tag=eloabder-20&linkCode=osi&th=1&psc=1"><img src="https://m.media-amazon.com/images/I/51bjl2slJTL._SL500_.jpg" alt="Product Image"></a><p>Fuufome Large Squeaky Dog Toys- Plush Dog Toys with Soft Fabric for Small, Medium, and Large Dogs Daily Companionship, Training Reward Gift</p><p> -41% 0FF </p><p>$9.49</p><a href="https://www.amazon.com/dp/B0B1LVKG8D?tag=eloabder-20&linkCode=osi&th=1&psc=1">View Product</a></div>

<div class="product"><a href="https://www.amazon.com/dp/B01AHM6P18?tag=eloabder-20&linkCode=osi&th=1&psc=1"><img src="https://m.media-amazon.com/images/I/51z5bUF-cpL._SL500_.jpg" alt="Product Image"></a><p>Fashion's Talk Cat Toys Variety Pack for Kitty 20 Pieces</p><p> -21% 0FF </p><p>$9.49</p><a href="https://www.amazon.com/dp/B01AHM6P18?tag=eloabder-20&linkCode=osi&th=1&psc=1">View Product</a></div><div class="product"><a href="https://www.amazon.com/dp/B0DG1X5KHM?tag=eloabder-20&linkCode=osi&th=1&psc=1"><img src="https://m.media-amazon.com/images/I/31YvLOoWZsL._SL500_.jpg" alt="Product Image"></a><p>Jkanti Interactive Cat Toys for Indoor Cats,The 3rd Generation Agile Moving Cat Ball with Elastic Mesh Tail,Automatic Kitten Toys for Bored Indoor Adult Cats,Motion Activated (Orange)</p><p> -10% 0FF </p><p>$17.99</p><a href="https://www.amazon.com/dp/B0DG1X5KHM?tag=eloabder-20&linkCode=osi&th=1&psc=1">View Product</a></div><div class="product"><a href="https://www.amazon.com/dp/B0D6W8B4FM?tag=eloabder-20&linkCode=osi&th=1&psc=1"><img src="https://m.media-amazon.com/images/I/31tkIoBZ3tL._SL500_.jpg" alt="Product Image"></a><p>TBTeek Cat Toys, USB Rechargeable Kitten Toy, 3 Light Modes & 5 Adjustable Patterns, Portable Interactive Pet Dog Cat Mouse Toy for Fun Chase Play Exercise</p><p> -13% 0FF </p><p>$6.97</p><a href="https://www.amazon.com/dp/B0D6W8B4FM?tag=eloabder-20&linkCode=osi&th=1&psc=1">View Product</a></div><div class="product"><a href="https://www.amazon.com/dp/B0CZ3YD1V6?tag=eloabder-20&linkCode=osi&th=1&psc=1"><img src="https://m.media-amazon.com/images/I/41nrT5-eUfL._SL500_.jpg" alt="Product Image"></a><p>Potaroma Cat Toys Chew Ropes 3Pcs with Refillable Natural Catnip, Safe Teeth Cleaning Toy for Indoor Kittens, Interactive Cat Nip Kitty Toys for All Breeds 19.5 Inches</p><p> -42% 0FF </p><p>$7.59</p><a href="https://www.amazon.com/dp/B0CZ3YD1V6?tag=eloabder-20&linkCode=osi&th=1&psc=1">View Product</a></div><div class="product"><a href="https://www.amazon.com/dp/B09WHBG4DV?tag=eloabder-20&linkCode=osi&th=1&psc=1"><img src="https://m.media-amazon.com/images/I/41eXntBWimL._SL500_.jpg" alt="Product Image"></a><p>Potaroma Cat Toys Pillows, 3 Pack, Soft and Durable Crinkle Sound with Catnip Inside, Interactive Indoor Kitten Kicker, Promotes Kitty Exercise</p><p> -38% 0FF </p><p>$9.98</p><a href="https://www.amazon.com/dp/B09WHBG4DV?tag=eloabder-20&linkCode=osi&th=1&psc=1">View Product</a></div>
<div class="product"><a href="https://www.amazon.com/dp/B08CXGYW1Q?tag=eloabder-20&linkCode=osi&th=1&psc=1"><img src="https://m.media-amazon.com/images/I/51TwJcM8A9L._SL500_.jpg" alt="Product Image"></a><p>Bedsure Calming Dog Bed Medium Size Dog - Donut Washable Medium Pet Bed, 30 inches Anti-Slip Round Fluffy Plush Faux Fur Cat Bed, Fits up to 45 lbs Pets, Camel</p><p> -7% 0FF </p><p>$39.99</p><a href="https://www.amazon.com/dp/B08CXGYW1Q?tag=eloabder-20&linkCode=osi&th=1&psc=1">View Product</a></div><div class="product"><a href="https://www.amazon.com/dp/B0DBYVR7LH?tag=eloabder-20&linkCode=osi&th=1&psc=1"><img src="https://m.media-amazon.com/images/I/51Mdi5roe1L._SL500_.jpg" alt="Product Image"></a><p>Hoewina Dog & Cat Bed for Indoor Cats, 20in Calming Donut Bed for Puppy and Kitten, Washable Round Fluffy Pet Bed for Small Medium Dogs and Cats (Light Grey)</p><p> -18% 0FF </p><p>$9.85</p><a href="https://www.amazon.com/dp/B0DBYVR7LH?tag=eloabder-20&linkCode=osi&th=1&psc=1">View Product</a></div><div class="product"><a href="https://www.amazon.com/dp/B0FBLRWFC1?tag=eloabder-20&linkCode=osi&th=1&psc=1"><img src="https://m.media-amazon.com/images/I/41qIhp9dq7L._SL500_.jpg" alt="Product Image"></a><p>Donut Dog Bed for Small Medium Dogs Cats, 18 inch Calming Washable-Round Cozy Soft Pet Bed for Puppy and Kitten with Slip-Resistant Bottom</p><p> -50% 0FF </p><p>$9.99</p><a href="https://www.amazon.com/dp/B0FBLRWFC1?tag=eloabder-20&linkCode=osi&th=1&psc=1">View Product</a></div><div class="product"><a href="https://www.amazon.com/dp/B000TZ73EW?tag=eloabder-20&linkCode=osi&th=1&psc=1"><img src="https://m.media-amazon.com/images/I/41PrtjgWzEL._SL500_.jpg" alt="Product Image"></a><p>MidWest Homes for Pets QuietTime XXS Dog Bed – Cinnamon Faux Fur Bolster, Ultra-Soft and Machine Washable, Fits 18-Inch Crates and Carriers, for Small Dogs and Cats</p><p> -13% 0FF </p><p>$11.33</p><a href="https://www.amazon.com/dp/B000TZ73EW?tag=eloabder-20&linkCode=osi&th=1&psc=1">View Product</a></div>

<div class="product"><a href="https://www.amazon.com/dp/B07MFYSKCL?tag=eloabder-20&linkCode=osi&th=1&psc=1"><img src="https://m.media-amazon.com/images/I/41WrfqDuWpL._SL500_.jpg" alt="Product Image"></a><p>Love's cabin Round Donut Cat and Dog Cushion Bed, 20in Bed for Cats or Small Dogs, Anti-Slip & Water-Resistant Bottom, Super Soft Durable Fabric Pet Beds, Washable Luxury Cat & Dog Bed Gray</p><p> -20% 0FF </p><p>$15.99</p><a href="https://www.amazon.com/dp/B07MFYSKCL?tag=eloabder-20&linkCode=osi&th=1&psc=1">View Product</a></div><div class="product"><a href="https://www.amazon.com/dp/B08CY5VR5W?tag=eloabder-20&linkCode=osi&th=1&psc=1"><img src="https://m.media-amazon.com/images/I/51Hp7ZTQiFL._SL500_.jpg" alt="Product Image"></a><p>Bedsure Cat Beds for Indoor Cats - Large Cat Cave for Pet Cat House with Fluffy Ball Hanging and Scratch Pad, Foldable Cat Hideaway, 16.5x16.5x13 inches, Grey</p><p> -20% 0FF </p><p>$23.99</p><a href="https://www.amazon.com/dp/B08CY5VR5W?tag=eloabder-20&linkCode=osi&th=1&psc=1">View Product</a></div><div class="product"><a href="https://www.amazon.com/dp/B06XF6VH2N?tag=eloabder-20&linkCode=osi&th=1&psc=1"><img src="https://m.media-amazon.com/images/I/41+7YS2mbWL._SL500_.jpg" alt="Product Image"></a><p>Furhaven ThermaNAP Self-Warming Cat Bed for Indoor Cats & Small Dogs, Washable & Reflects Body Heat - Quilted Faux Fur Reflective Bed Mat - Gray, Small</p><p> -8% 0FF </p><p>$11.99</p><a href="https://www.amazon.com/dp/B06XF6VH2N?tag=eloabder-20&linkCode=osi&th=1&psc=1">View Product</a></div><div class="product"><a href="https://www.amazon.com/dp/B0DDKRS437?tag=eloabder-20&linkCode=osi&th=1&psc=1"><img src="https://m.media-amazon.com/images/I/31eWtW2c9JL._SL500_.jpg" alt="Product Image"></a><p>BALANCE Cat Bed Kitten Bed, Washable Round Cat Beds for Indoor Cats, Super Soft Plush Faux Fur Pet Bed for Puppy and Kitten with Anti-Slip Bottom</p><p> -21% 0FF </p><p>$28.49</p><a href="https://www.amazon.com/dp/B0DDKRS437?tag=eloabder-20&linkCode=osi&th=1&psc=1">View Product</a></div>

<div class="product"><a href="https://www.amazon.com/dp/B0FJ2NPL47?tag=eloabder-20&linkCode=osi&th=1&psc=1"><img src="https://m.media-amazon.com/images/I/51TDSHRvQDL._SL500_.jpg" alt="Product Image"></a><p>Pet Hair Removal Glove for Dogs & Cats, Newly Upgraded Reusable Electrostatic Pet Hair Gloves, Pet Hair Remover Tool for Clothing, Couch, Carpet, Car Seat</p><p> -15% 0FF </p><p>$16.99</p><a href="https://www.amazon.com/dp/B0FJ2NPL47?tag=eloabder-20&linkCode=osi&th=1&psc=1">View Product</a></div><div class="product"><a href="https://www.amazon.com/dp/B0DMWBS87F?tag=eloabder-20&linkCode=osi&th=1&psc=1"><img src="https://m.media-amazon.com/images/I/51Q8Cx4sNWL._SL500_.jpg" alt="Product Image"></a><p>Paw Science Dog Eye Wipes - Hypoallergenic Eye & Face Wipes for Dogs, Cats, & Puppy - Pet Tear Stain Remover & Cleaner - Gently Cleans & Removes Discharge, Crust, & Gunk (Coconut)</p><p> -36% 0FF </p><p>$8.99 ($0.09 / Count)</p><a href="https://www.amazon.com/dp/B0DMWBS87F?tag=eloabder-20&linkCode=osi&th=1&psc=1">View Product</a></div><div class="product"><a href="https://www.amazon.com/dp/B0FH6PZ6RZ?tag=eloabder-20&linkCode=osi&th=1&psc=1"><img src="https://m.media-amazon.com/images/I/414hJ-w970L._SL500_.jpg" alt="Product Image"></a><p>Dog Nail Grinder with 2 LED Lights Powerful 2 Speeds Super Quiet Dog Nail Trimmers with 3 Grinding Wheels Rechargeable Pet Dog Nail Clippers for Large Medium Puppy Dogs Nail File Cat Nail Clipper Blue</p><p> -5% 0FF </p><p>$18.99</p><a href="https://www.amazon.com/dp/B0FH6PZ6RZ?tag=eloabder-20&linkCode=osi&th=1&psc=1">View Product</a></div><div class="product"><a href="https://www.amazon.com/dp/B0FD9MGDKV?tag=eloabder-20&linkCode=osi&th=1&psc=1"><img src="https://m.media-amazon.com/images/I/51XGj6QgMcL._SL500_.jpg" alt="Product Image"></a><p>Pet Hair Removal Glove for Cats & Dogs, Upgraded Five-Finger Electrostatic Pet Hair Gloves, Reusable Magic Brush Pet Hair Remover Tool for Laundry, Couch, Carpet, Car Seat</p><p> -19% 0FF </p><p>$16.17</p><a href="https://www.amazon.com/dp/B0FD9MGDKV?tag=eloabder-20&linkCode=osi&th=1&psc=1">View Product</a></div>
<div class="product"><a href="https://www.amazon.com/dp/B09K8YYVWV?tag=eloabder-20&linkCode=osi&th=1&psc=1"><img src="https://m.media-amazon.com/images/I/4123dxF1ijL._SL500_.jpg" alt="Product Image"></a><p>Blue Buffalo Life Protection Formula Natural Adult Dry Dog Food, Chicken and Brown Rice 5-lb Trial Size Bag</p><p> -17% 0FF </p><p>$14.98 ($3.00 / lb)</p><a href="https://www.amazon.com/dp/B09K8YYVWV?tag=eloabder-20&linkCode=osi&th=1&psc=1">View Product</a></div><div class="product"><a href="https://www.amazon.com/dp/B0000AH3QT?tag=eloabder-20&linkCode=osi&th=1&psc=1"><img src="https://m.media-amazon.com/images/I/41FXHOzdCWL._SL500_.jpg" alt="Product Image"></a><p>Purina ONE Chicken and Rice Formula Dry Dog Food - 8 lb. Bag</p><p> -9% 0FF </p><p>$16.28 ($2.04 / Pound)</p><a href="https://www.amazon.com/dp/B0000AH3QT?tag=eloabder-20&linkCode=osi&th=1&psc=1">View Product</a></div><div class="product"><a href="https://www.amazon.com/dp/B0000AH3QW?tag=eloabder-20&linkCode=osi&th=1&psc=1"><img src="https://m.media-amazon.com/images/I/41jXsOOPPtL._SL500_.jpg" alt="Product Image"></a><p>Purina ONE Dry Dog Food Lamb and Rice Formula - 8 lb. Bag</p><p> -9% 0FF </p><p>$16.28 ($2.04 / pound)</p><a href="https://www.amazon.com/dp/B0000AH3QW?tag=eloabder-20&linkCode=osi&th=1&psc=1">View Product</a></div><div class="product"><a href="https://www.amazon.com/dp/B09K9FDLFN?tag=eloabder-20&linkCode=osi&th=1&psc=1"><img src="https://m.media-amazon.com/images/I/41fn4P3zY0L._SL500_.jpg" alt="Product Image"></a><p>Blue Buffalo Life Protection Formula Natural Adult Small Breed Dry Dog Food, Chicken and Brown Rice 5-lb Trial Size Bag</p><p> -15% 0FF </p><p>$16.98 ($3.40 / lb)</p><a href="https://www.amazon.com/dp/B09K9FDLFN?tag=eloabder-20&linkCode=osi&th=1&psc=1">View Product</a></div><div class="product"><a href="https://www.amazon.com/dp/B008NHLZ2Y?tag=eloabder-20&linkCode=osi&th=1&psc=1"><img src="https://m.media-amazon.com/images/I/51OqxCyPKTL._SL500_.jpg" alt="Product Image"></a><p>Cesar Wet Dog Food Classic Loaf in Sauce Beef Recipe, Filet Mignon, Grilled Chicken and Porterhouse Steak Variety Pack, 3.5 oz. Easy Peel Trays (24 Count, Pack of 1)</p><p> -11% 0FF </p><p>$24.94 ($1.04 / Count)</p><a href="https://www.amazon.com/dp/B008NHLZ2Y?tag=eloabder-20&linkCode=osi&th=1&psc=1">View Product</a></div><div class="product"><a href="https://www.amazon.com/dp/B00DE7WKVS?tag=eloabder-20&linkCode=osi&th=1&psc=1"><img src="https://m.media-amazon.com/images/I/514-XqvXJJL._SL500_.jpg" alt="Product Image"></a><p>Purina ONE True Instinct With A Blend Of Real Turkey and Venison Dry Dog Food - 15 lb. Bag</p><p> -9% 0FF </p><p>$32.28 ($2.15 / Pound)</p><a href="https://www.amazon.com/dp/B00DE7WKVS?tag=eloabder-20&linkCode=osi&th=1&psc=1">View Product</a></div>
<div class="product"><a href="https://www.amazon.com/dp/B007JXVR76?tag=eloabder-20&linkCode=osi&th=1&psc=1"><img src="https://m.media-amazon.com/images/I/41XRcLETtGL._SL500_.jpg" alt="Product Image"></a><p>Meow Mix Original Choice Dry Cat Food, 6.3 Pound Bag</p><p> -6% 0FF </p><p>$9.29 ($1.47 / lb)</p><a href="https://www.amazon.com/dp/B007JXVR76?tag=eloabder-20&linkCode=osi&th=1&psc=1">View Product</a></div><div class="product"><a href="https://www.amazon.com/dp/B0D9MW74TG?tag=eloabder-20&linkCode=osi&th=1&psc=1"><img src="https://m.media-amazon.com/images/I/51CSHkalU1L._SL500_.jpg" alt="Product Image"></a><p>Meow Mix Gravy Bursts Dry Cat Food, Chicken, 3 LB Bag</p><p> -16% 0FF </p><p>$5.72 ($1.91 / lb)</p><a href="https://www.amazon.com/dp/B0D9MW74TG?tag=eloabder-20&linkCode=osi&th=1&psc=1">View Product</a></div><div class="product"><a href="https://www.amazon.com/dp/B01H3OA7KI?tag=eloabder-20&linkCode=osi&th=1&psc=1"><img src="https://m.media-amazon.com/images/I/51vds1pph5L._SL500_.jpg" alt="Product Image"></a><p>Purina Cat Chow Hairball, Healthy Weight, Indoor, Natural Dry Cat Food, Naturals Indoor - 13 lb. Bag</p><p> -6% 0FF </p><p>$16.99 ($1.31 / lb)</p><a href="https://www.amazon.com/dp/B01H3OA7KI?tag=eloabder-20&linkCode=osi&th=1&psc=1">View Product</a></div><div class="product"><a href="https://www.amazon.com/dp/B01BKYFR7K?tag=eloabder-20&linkCode=osi&th=1&psc=1"><img src="https://m.media-amazon.com/images/I/41GYcHtJdcL._SL500_.jpg" alt="Product Image"></a><p>IAMS Proactive Health Indoor Weight Control & Hairball Care Adult Dry Cat Food, Chicken & Turkey Recipe, 7 lb. Bag</p><p> -11% 0FF </p><p>$16.97 ($2.42 / lb)</p><a href="https://www.amazon.com/dp/B01BKYFR7K?tag=eloabder-20&linkCode=osi&th=1&psc=1">View Product</a></div>
<div class="product"><a href="https://www.amazon.com/dp/B003PMQMK2?tag=eloabder-20&linkCode=osi&th=1&psc=1"><img src="https://m.media-amazon.com/images/I/51rKBA3bcNL._SL500_.jpg" alt="Product Image"></a><p>Milk-Bone MaroSnacks Small Dog Treats With Bone Marrow, 40 Ounce Container</p><p> -21% 0FF </p><p>$11.48 ($4.59 / lb)</p><a href="https://www.amazon.com/dp/B003PMQMK2?tag=eloabder-20&linkCode=osi&th=1&psc=1">View Product</a></div><div class="product"><a href="https://www.amazon.com/dp/B07BVL8TQF?tag=eloabder-20&linkCode=osi&th=1&psc=1"><img src="https://m.media-amazon.com/images/I/41V12A43ClL._SL500_.jpg" alt="Product Image"></a><p>Good ‘n’ Fun Triple Flavor Kabobs Chews for All Dogs, 24 Ounces, Treat Your Dog to Chews Made from Beef Hide, Real Chicken, Pork Hide, Duck and Chicken Liver</p><p> -27% 0FF </p><p>$15.98 ($10.65 / lb)</p><a href="https://www.amazon.com/dp/B07BVL8TQF?tag=eloabder-20&linkCode=osi&th=1&psc=1">View Product</a></div><div class="product"><a href="https://www.amazon.com/dp/B006HKA6II?tag=eloabder-20&linkCode=osi&th=1&psc=1"><img src="https://m.media-amazon.com/images/I/41sdmNauoVL._SL500_.jpg" alt="Product Image"></a><p>Milk-Bone Soft & Chewy Dog Treats, Beef & Filet Mignon Recipe, 25 Ounce</p><p> -7% 0FF </p><p>$14.48 ($9.27 / lb)</p><a href="https://www.amazon.com/dp/B006HKA6II?tag=eloabder-20&linkCode=osi&th=1&psc=1">View Product</a></div><div class="product"><a href="https://www.amazon.com/dp/B006W6YHHI?tag=eloabder-20&linkCode=osi&th=1&psc=1"><img src="https://m.media-amazon.com/images/I/51VcU1tm-7L._SL500_.jpg" alt="Product Image"></a><p>Greenies Original Regular Dental Dog Treats, 36 oz. Pack (36 Treats)</p><p> -8% 0FF </p><p>$36.97 ($16.43 / lb)</p><a href="https://www.amazon.com/dp/B006W6YHHI?tag=eloabder-20&linkCode=osi&th=1&psc=1">View Product</a></div><div class="product"><a href="https://www.amazon.com/dp/B07D323MFZ?tag=eloabder-20&linkCode=osi&th=1&psc=1"><img src="https://m.media-amazon.com/images/I/41OTio6+siL._SL500_.jpg" alt="Product Image"></a><p>INABA Churu Cat Treats, Grain-Free, Lickable, Squeezable Creamy Purée Cat Treat/Topper with Vitamin E & Taurine, 0.5 Ounces Each Tube, 50 Tubes, Tuna & Chicken Variety</p><p> -18% 0FF </p><p>$32.96 ($1.32 / Ounce)</p><a href="https://www.amazon.com/dp/B07D323MFZ?tag=eloabder-20&linkCode=osi&th=1&psc=1">View Product</a></div><div class="product"><a href="https://www.amazon.com/dp/B09MZDFLSV?tag=eloabder-20&linkCode=osi&th=1&psc=1"><img src="https://m.media-amazon.com/images/I/51mXUxhYDiL._SL500_.jpg" alt="Product Image"></a><p>Full Moon All Natural Human Grade Dog Treats, Essential Beef Savory Sticks, 22 Ounce, 1.375 Pound (Pack of 1)</p><p> -10% 0FF </p><p>$17.94 ($13.05 / lb)</p><a href="https://www.amazon.com/dp/B09MZDFLSV?tag=eloabder-20&linkCode=osi&th=1&psc=1">View Product</a></div><div class="product"><a href="https://www.amazon.com/dp/B07BVLGZW6?tag=eloabder-20&linkCode=osi&th=1&psc=1"><img src="https://m.media-amazon.com/images/I/51g5KoU0RiL._SL500_.jpg" alt="Product Image"></a><p>Good ‘n’ Fun Triple Flavor Wings Chews for All Dogs, 12 Ounces, Treat Your Dog to Long-Lasting Chews Made with Chicken, Pork Hide and Beef Hide</p><p> -27% 0FF </p><p>$10.48 ($13.97 / lb)</p><a href="https://www.amazon.com/dp/B07BVLGZW6?tag=eloabder-20&linkCode=osi&th=1&psc=1">View Product</a></div>
<div class="product"><a href="https://www.amazon.com/dp/B01EX0H12M?tag=eloabder-20&linkCode=osi&th=1&psc=1"><img src="https://m.media-amazon.com/images/I/41tpUtk3FGL._SL500_.jpg" alt="Product Image"></a><p>Full Moon Chicken Jerky Healthy All Natural Dog Treats Human Grade Made in USA Grain Free, 1.5 Pound (Pack of 1)</p><p> -19% 0FF </p><p>$26.44 ($17.63 / lb)</p><a href="https://www.amazon.com/dp/B01EX0H12M?tag=eloabder-20&linkCode=osi&th=1&psc=1">View Product</a></div>
<div class="product"><a href="https://www.amazon.com/dp/B07BTRHM75?tag=eloabder-20&linkCode=osi&th=1&psc=1"><img src="https://m.media-amazon.com/images/I/51yN5sax9BL._SL500_.jpg" alt="Product Image"></a><p>Delectables Bisque Lickable Wet Cat Treats - Chicken, Tuna & Shrimp, 12 count</p><p> -9% 0FF </p><p>$12.94 ($0.77 / Ounce)</p><a href="https://www.amazon.com/dp/B07BTRHM75?tag=eloabder-20&linkCode=osi&th=1&psc=1">View Product</a></div><div class="product"><a href="https://www.amazon.com/dp/B00M0FK8UU?tag=eloabder-20&linkCode=osi&th=1&psc=1"><img src="https://m.media-amazon.com/images/I/517+RuVAECL._SL500_.jpg" alt="Product Image"></a><p>Temptations MixUps Surfer's Delight Flavor Crunchy and Soft Cat Treats, 16 oz. Tub</p><p> -8% 0FF </p><p>$7.80 ($0.49 / Ounce)</p><a href="https://www.amazon.com/dp/B00M0FK8UU?tag=eloabder-20&linkCode=osi&th=1&psc=1">View Product</a></div><div class="product"><a href="https://www.amazon.com/dp/B07KGXQ1WC?tag=eloabder-20&linkCode=osi&th=1&psc=1"><img src="https://m.media-amazon.com/images/I/51lx-r6UP1L._SL500_.jpg" alt="Product Image"></a><p>Temptations Classic Crunchy and Soft Cat Treats, Shrimpy Shrimp Flavor, 16 oz. Tub</p><p> -25% 0FF </p><p>$6.36 ($0.40 / Ounce)</p><a href="https://www.amazon.com/dp/B07KGXQ1WC?tag=eloabder-20&linkCode=osi&th=1&psc=1">View Product</a></div>
<div class="product"><a href="https://www.amazon.com/dp/B0BHN7K52L?tag=eloabder-20&linkCode=osi&th=1&psc=1"><img src="https://m.media-amazon.com/images/I/41VtkP72E7L._SL500_.jpg" alt="Product Image"></a><p>Dog Toys for Aggresive Chewers - Tough,Indestructible Dog Toys for Large, Medium,Small Breed to Keep Them Busy</p><p> -38% 0FF </p><p>$9.99</p><a href="https://www.amazon.com/dp/B0BHN7K52L?tag=eloabder-20&linkCode=osi&th=1&psc=1">View Product</a></div><div class="product"><a href="https://www.amazon.com/dp/B000F4AVPA?tag=eloabder-20&linkCode=osi&th=1&psc=1"><img src="https://m.media-amazon.com/images/I/31NKTw5DUeL._SL500_.jpg" alt="Product Image"></a><p>Chuckit! Ultra Ball Dog Toy - Medium Bouncy Fetch Balls For Dogs 20-60 lbs - Made from Durable Rubber - Floating Water Pet Toys - Size Medium - 2.5-inch Diameter - Pack of 2</p><p> -35% 0FF </p><p>$7.13</p><a href="https://www.amazon.com/dp/B000F4AVPA?tag=eloabder-20&linkCode=osi&th=1&psc=1">View Product</a></div><div class="product"><a href="https://www.amazon.com/dp/B0B1LVKG8D?tag=eloabder-20&linkCode=osi&th=1&psc=1"><img src="https://m.media-amazon.com/images/I/51bjl2slJTL._SL500_.jpg" alt="Product Image"></a><p>Fuufome Large Squeaky Dog Toys- Plush Dog Toys with Soft Fabric for Small, Medium, and Large Dogs Daily Companionship, Training Reward Gift</p><p> -41% 0FF </p><p>$9.49</p><a href="https://www.amazon.com/dp/B0B1LVKG8D?tag=eloabder-20&linkCode=osi&th=1&psc=1">View Product</a></div>

<div class="product"><a href="https://www.amazon.com/dp/B01AHM6P18?tag=eloabder-20&linkCode=osi&th=1&psc=1"><img src="https://m.media-amazon.com/images/I/51z5bUF-cpL._SL500_.jpg" alt="Product Image"></a><p>Fashion's Talk Cat Toys Variety Pack for Kitty 20 Pieces</p><p> -21% 0FF </p><p>$9.49</p><a href="https://www.amazon.com/dp/B01AHM6P18?tag=eloabder-20&linkCode=osi&th=1&psc=1">View Product</a></div><div class="product"><a href="https://www.amazon.com/dp/B0DG1X5KHM?tag=eloabder-20&linkCode=osi&th=1&psc=1"><img src="https://m.media-amazon.com/images/I/31YvLOoWZsL._SL500_.jpg" alt="Product Image"></a><p>Jkanti Interactive Cat Toys for Indoor Cats,The 3rd Generation Agile Moving Cat Ball with Elastic Mesh Tail,Automatic Kitten Toys for Bored Indoor Adult Cats,Motion Activated (Orange)</p><p> -10% 0FF </p><p>$17.99</p><a href="https://www.amazon.com/dp/B0DG1X5KHM?tag=eloabder-20&linkCode=osi&th=1&psc=1">View Product</a></div><div class="product"><a href="https://www.amazon.com/dp/B0D6W8B4FM?tag=eloabder-20&linkCode=osi&th=1&psc=1"><img src="https://m.media-amazon.com/images/I/31tkIoBZ3tL._SL500_.jpg" alt="Product Image"></a><p>TBTeek Cat Toys, USB Rechargeable Kitten Toy, 3 Light Modes & 5 Adjustable Patterns, Portable Interactive Pet Dog Cat Mouse Toy for Fun Chase Play Exercise</p><p> -13% 0FF </p><p>$6.97</p><a href="https://www.amazon.com/dp/B0D6W8B4FM?tag=eloabder-20&linkCode=osi&th=1&psc=1">View Product</a></div><div class="product"><a href="https://www.amazon.com/dp/B0CZ3YD1V6?tag=eloabder-20&linkCode=osi&th=1&psc=1"><img src="https://m.media-amazon.com/images/I/41nrT5-eUfL._SL500_.jpg" alt="Product Image"></a><p>Potaroma Cat Toys Chew Ropes 3Pcs with Refillable Natural Catnip, Safe Teeth Cleaning Toy for Indoor Kittens, Interactive Cat Nip Kitty Toys for All Breeds 19.5 Inches</p><p> -42% 0FF </p><p>$7.59</p><a href="https://www.amazon.com/dp/B0CZ3YD1V6?tag=eloabder-20&linkCode=osi&th=1&psc=1">View Product</a></div><div class="product"><a href="https://www.amazon.com/dp/B09WHBG4DV?tag=eloabder-20&linkCode=osi&th=1&psc=1"><img src="https://m.media-amazon.com/images/I/41eXntBWimL._SL500_.jpg" alt="Product Image"></a><p>Potaroma Cat Toys Pillows, 3 Pack, Soft and Durable Crinkle Sound with Catnip Inside, Interactive Indoor Kitten Kicker, Promotes Kitty Exercise</p><p> -38% 0FF </p><p>$9.98</p><a href="https://www.amazon.com/dp/B09WHBG4DV?tag=eloabder-20&linkCode=osi&th=1&psc=1">View Product</a></div>
<div class="product"><a href="https://www.amazon.com/dp/B08CXGYW1Q?tag=eloabder-20&linkCode=osi&th=1&psc=1"><img src="https://m.media-amazon.com/images/I/51TwJcM8A9L._SL500_.jpg" alt="Product Image"></a><p>Bedsure Calming Dog Bed Medium Size Dog - Donut Washable Medium Pet Bed, 30 inches Anti-Slip Round Fluffy Plush Faux Fur Cat Bed, Fits up to 45 lbs Pets, Camel</p><p> -7% 0FF </p><p>$39.99</p><a href="https://www.amazon.com/dp/B08CXGYW1Q?tag=eloabder-20&linkCode=osi&th=1&psc=1">View Product</a></div><div class="product"><a href="https://www.amazon.com/dp/B0DBYVR7LH?tag=eloabder-20&linkCode=osi&th=1&psc=1"><img src="https://m.media-amazon.com/images/I/51Mdi5roe1L._SL500_.jpg" alt="Product Image"></a><p>Hoewina Dog & Cat Bed for Indoor Cats, 20in Calming Donut Bed for Puppy and Kitten, Washable Round Fluffy Pet Bed for Small Medium Dogs and Cats (Light Grey)</p><p> -18% 0FF </p><p>$9.85</p><a href="https://www.amazon.com/dp/B0DBYVR7LH?tag=eloabder-20&linkCode=osi&th=1&psc=1">View Product</a></div><div class="product"><a href="https://www.amazon.com/dp/B0FBLRWFC1?tag=eloabder-20&linkCode=osi&th=1&psc=1"><img src="https://m.media-amazon.com/images/I/41qIhp9dq7L._SL500_.jpg" alt="Product Image"></a><p>Donut Dog Bed for Small Medium Dogs Cats, 18 inch Calming Washable-Round Cozy Soft Pet Bed for Puppy and Kitten with Slip-Resistant Bottom</p><p> -50% 0FF </p><p>$9.99</p><a href="https://www.amazon.com/dp/B0FBLRWFC1?tag=eloabder-20&linkCode=osi&th=1&psc=1">View Product</a></div><div class="product"><a href="https://www.amazon.com/dp/B000TZ73EW?tag=eloabder-20&linkCode=osi&th=1&psc=1"><img src="https://m.media-amazon.com/images/I/41PrtjgWzEL._SL500_.jpg" alt="Product Image"></a><p>MidWest Homes for Pets QuietTime XXS Dog Bed – Cinnamon Faux Fur Bolster, Ultra-Soft and Machine Washable, Fits 18-Inch Crates and Carriers, for Small Dogs and Cats</p><p> -13% 0FF </p><p>$11.33</p><a href="https://www.amazon.com/dp/B000TZ73EW?tag=eloabder-20&linkCode=osi&th=1&psc=1">View Product</a></div>

<div class="product"><a href="https://www.amazon.com/dp/B07MFYSKCL?tag=eloabder-20&linkCode=osi&th=1&psc=1"><img src="https://m.media-amazon.com/images/I/41WrfqDuWpL._SL500_.jpg" alt="Product Image"></a><p>Love's cabin Round Donut Cat and Dog Cushion Bed, 20in Bed for Cats or Small Dogs, Anti-Slip & Water-Resistant Bottom, Super Soft Durable Fabric Pet Beds, Washable Luxury Cat & Dog Bed Gray</p><p> -20% 0FF </p><p>$15.99</p><a href="https://www.amazon.com/dp/B07MFYSKCL?tag=eloabder-20&linkCode=osi&th=1&psc=1">View Product</a></div><div class="product"><a href="https://www.amazon.com/dp/B08CY5VR5W?tag=eloabder-20&linkCode=osi&th=1&psc=1"><img src="https://m.media-amazon.com/images/I/51Hp7ZTQiFL._SL500_.jpg" alt="Product Image"></a><p>Bedsure Cat Beds for Indoor Cats - Large Cat Cave for Pet Cat House with Fluffy Ball Hanging and Scratch Pad, Foldable Cat Hideaway, 16.5x16.5x13 inches, Grey</p><p> -20% 0FF </p><p>$23.99</p><a href="https://www.amazon.com/dp/B08CY5VR5W?tag=eloabder-20&linkCode=osi&th=1&psc=1">View Product</a></div><div class="product"><a href="https://www.amazon.com/dp/B06XF6VH2N?tag=eloabder-20&linkCode=osi&th=1&psc=1"><img src="https://m.media-amazon.com/images/I/41+7YS2mbWL._SL500_.jpg" alt="Product Image"></a><p>Furhaven ThermaNAP Self-Warming Cat Bed for Indoor Cats & Small Dogs, Washable & Reflects Body Heat - Quilted Faux Fur Reflective Bed Mat - Gray, Small</p><p> -8% 0FF </p><p>$11.99</p><a href="https://www.amazon.com/dp/B06XF6VH2N?tag=eloabder-20&linkCode=osi&th=1&psc=1">View Product</a></div><div class="product"><a href="https://www.amazon.com/dp/B0DDKRS437?tag=eloabder-20&linkCode=osi&th=1&psc=1"><img src="https://m.media-amazon.com/images/I/31eWtW2c9JL._SL500_.jpg" alt="Product Image"></a><p>BALANCE Cat Bed Kitten Bed, Washable Round Cat Beds for Indoor Cats, Super Soft Plush Faux Fur Pet Bed for Puppy and Kitten with Anti-Slip Bottom</p><p> -21% 0FF </p><p>$28.49</p><a href="https://www.amazon.com/dp/B0DDKRS437?tag=eloabder-20&linkCode=osi&th=1&psc=1">View Product</a></div>
<div class="product"><a href="https://www.amazon.com/dp/B0BFG9Z2P9?tag=eloabder-20&linkCode=osi&th=1&psc=1"><img src="https://m.media-amazon.com/images/I/418f7l64RZL._SL500_.jpg" alt="Product Image"></a><p>Tomkas Small Dog Sling Carrier - Classic Pocket & Classic Strap - for 3-10 lbs Pets(Black)</p><p> -5% 0FF </p><p>$13.29</p><a href="https://www.amazon.com/dp/B0BFG9Z2P9?tag=eloabder-20&linkCode=osi&th=1&psc=1">View Product</a></div>

<div class="product"><a href="https://www.amazon.com/dp/B0FJ2NPL47?tag=eloabder-20&linkCode=osi&th=1&psc=1"><img src="https://m.media-amazon.com/images/I/51TDSHRvQDL._SL500_.jpg" alt="Product Image"></a><p>Pet Hair Removal Glove for Dogs & Cats, Newly Upgraded Reusable Electrostatic Pet Hair Gloves, Pet Hair Remover Tool for Clothing, Couch, Carpet, Car Seat</p><p> -15% 0FF </p><p>$16.99</p><a href="https://www.amazon.com/dp/B0FJ2NPL47?tag=eloabder-20&linkCode=osi&th=1&psc=1">View Product</a></div><div class="product"><a href="https://www.amazon.com/dp/B0DMWBS87F?tag=eloabder-20&linkCode=osi&th=1&psc=1"><img src="https://m.media-amazon.com/images/I/51Q8Cx4sNWL._SL500_.jpg" alt="Product Image"></a><p>Paw Science Dog Eye Wipes - Hypoallergenic Eye & Face Wipes for Dogs, Cats, & Puppy - Pet Tear Stain Remover & Cleaner - Gently Cleans & Removes Discharge, Crust, & Gunk (Coconut)</p><p> -36% 0FF </p><p>$8.99 ($0.09 / Count)</p><a href="https://www.amazon.com/dp/B0DMWBS87F?tag=eloabder-20&linkCode=osi&th=1&psc=1">View Product</a></div><div class="product"><a href="https://www.amazon.com/dp/B0FH6PZ6RZ?tag=eloabder-20&linkCode=osi&th=1&psc=1"><img src="https://m.media-amazon.com/images/I/414hJ-w970L._SL500_.jpg" alt="Product Image"></a><p>Dog Nail Grinder with 2 LED Lights Powerful 2 Speeds Super Quiet Dog Nail Trimmers with 3 Grinding Wheels Rechargeable Pet Dog Nail Clippers for Large Medium Puppy Dogs Nail File Cat Nail Clipper Blue</p><p> -5% 0FF </p><p>$18.99</p><a href="https://www.amazon.com/dp/B0FH6PZ6RZ?tag=eloabder-20&linkCode=osi&th=1&psc=1">View Product</a></div><div class="product"><a href="https://www.amazon.com/dp/B0FD9MGDKV?tag=eloabder-20&linkCode=osi&th=1&psc=1"><img src="https://m.media-amazon.com/images/I/51XGj6QgMcL._SL500_.jpg" alt="Product Image"></a><p>Pet Hair Removal Glove for Cats & Dogs, Upgraded Five-Finger Electrostatic Pet Hair Gloves, Reusable Magic Brush Pet Hair Remover Tool for Laundry, Couch, Carpet, Car Seat</p><p> -19% 0FF </p><p>$16.17</p><a href="https://www.amazon.com/dp/B0FD9MGDKV?tag=eloabder-20&linkCode=osi&th=1&psc=1">View Product</a></div>
<div class="product"><a href="https://www.amazon.com/dp/B09K8YYVWV?tag=eloabder-20&linkCode=osi&th=1&psc=1"><img src="https://m.media-amazon.com/images/I/4123dxF1ijL._SL500_.jpg" alt="Product Image"></a><p>Blue Buffalo Life Protection Formula Natural Adult Dry Dog Food, Chicken and Brown Rice 5-lb Trial Size Bag</p><p> -17% 0FF </p><p>$14.98 ($3.00 / lb)</p><a href="https://www.amazon.com/dp/B09K8YYVWV?tag=eloabder-20&linkCode=osi&th=1&psc=1">View Product</a></div><div class="product"><a href="https://www.amazon.com/dp/B0000AH3QT?tag=eloabder-20&linkCode=osi&th=1&psc=1"><img src="https://m.media-amazon.com/images/I/41FXHOzdCWL._SL500_.jpg" alt="Product Image"></a><p>Purina ONE Chicken and Rice Formula Dry Dog Food - 8 lb. Bag</p><p> -9% 0FF </p><p>$16.28 ($2.04 / Pound)</p><a href="https://www.amazon.com/dp/B0000AH3QT?tag=eloabder-20&linkCode=osi&th=1&psc=1">View Product</a></div><div class="product"><a href="https://www.amazon.com/dp/B0000AH3QW?tag=eloabder-20&linkCode=osi&th=1&psc=1"><img src="https://m.media-amazon.com/images/I/41jXsOOPPtL._SL500_.jpg" alt="Product Image"></a><p>Purina ONE Dry Dog Food Lamb and Rice Formula - 8 lb. Bag</p><p> -9% 0FF </p><p>$16.28 ($2.04 / pound)</p><a href="https://www.amazon.com/dp/B0000AH3QW?tag=eloabder-20&linkCode=osi&th=1&psc=1">View Product</a></div><div class="product"><a href="https://www.amazon.com/dp/B09K9FDLFN?tag=eloabder-20&linkCode=osi&th=1&psc=1"><img src="https://m.media-amazon.com/images/I/41fn4P3zY0L._SL500_.jpg" alt="Product Image"></a><p>Blue Buffalo Life Protection Formula Natural Adult Small Breed Dry Dog Food, Chicken and Brown Rice 5-lb Trial Size Bag</p><p> -15% 0FF </p><p>$16.98 ($3.40 / lb)</p><a href="https://www.amazon.com/dp/B09K9FDLFN?tag=eloabder-20&linkCode=osi&th=1&psc=1">View Product</a></div><div class="product"><a href="https://www.amazon.com/dp/B008NHLZ2Y?tag=eloabder-20&linkCode=osi&th=1&psc=1"><img src="https://m.media-amazon.com/images/I/51OqxCyPKTL._SL500_.jpg" alt="Product Image"></a><p>Cesar Wet Dog Food Classic Loaf in Sauce Beef Recipe, Filet Mignon, Grilled Chicken and Porterhouse Steak Variety Pack, 3.5 oz. Easy Peel Trays (24 Count, Pack of 1)</p><p> -11% 0FF </p><p>$24.94 ($1.04 / Count)</p><a href="https://www.amazon.com/dp/B008NHLZ2Y?tag=eloabder-20&linkCode=osi&th=1&psc=1">View Product</a></div><div class="product"><a href="https://www.amazon.com/dp/B00DE7WKVS?tag=eloabder-20&linkCode=osi&th=1&psc=1"><img src="https://m.media-amazon.com/images/I/514-XqvXJJL._SL500_.jpg" alt="Product Image"></a><p>Purina ONE True Instinct With A Blend Of Real Turkey and Venison Dry Dog Food - 15 lb. Bag</p><p> -9% 0FF </p><p>$32.28 ($2.15 / Pound)</p><a href="https://www.amazon.com/dp/B00DE7WKVS?tag=eloabder-20&linkCode=osi&th=1&psc=1">View Product</a></div>
<div class="product"><a href="https://www.amazon.com/dp/B007JXVR76?tag=eloabder-20&linkCode=osi&th=1&psc=1"><img src="https://m.media-amazon.com/images/I/41XRcLETtGL._SL500_.jpg" alt="Product Image"></a><p>Meow Mix Original Choice Dry Cat Food, 6.3 Pound Bag</p><p> -6% 0FF </p><p>$9.29 ($1.47 / lb)</p><a href="https://www.amazon.com/dp/B007JXVR76?tag=eloabder-20&linkCode=osi&th=1&psc=1">View Product</a></div><div class="product"><a href="https://www.amazon.com/dp/B0D9MW74TG?tag=eloabder-20&linkCode=osi&th=1&psc=1"><img src="https://m.media-amazon.com/images/I/51CSHkalU1L._SL500_.jpg" alt="Product Image"></a><p>Meow Mix Gravy Bursts Dry Cat Food, Chicken, 3 LB Bag</p><p> -16% 0FF </p><p>$5.72 ($1.91 / lb)</p><a href="https://www.amazon.com/dp/B0D9MW74TG?tag=eloabder-20&linkCode=osi&th=1&psc=1">View Product</a></div><div class="product"><a href="https://www.amazon.com/dp/B01H3OA7KI?tag=eloabder-20&linkCode=osi&th=1&psc=1"><img src="https://m.media-amazon.com/images/I/51vds1pph5L._SL500_.jpg" alt="Product Image"></a><p>Purina Cat Chow Hairball, Healthy Weight, Indoor, Natural Dry Cat Food, Naturals Indoor - 13 lb. Bag</p><p> -6% 0FF </p><p>$16.99 ($1.31 / lb)</p><a href="https://www.amazon.com/dp/B01H3OA7KI?tag=eloabder-20&linkCode=osi&th=1&psc=1">View Product</a></div><div class="product"><a href="https://www.amazon.com/dp/B01BKYFR7K?tag=eloabder-20&linkCode=osi&th=1&psc=1"><img src="https://m.media-amazon.com/images/I/41GYcHtJdcL._SL500_.jpg" alt="Product Image"></a><p>IAMS Proactive Health Indoor Weight Control & Hairball Care Adult Dry Cat Food, Chicken & Turkey Recipe, 7 lb. Bag</p><p> -11% 0FF </p><p>$16.97 ($2.42 / lb)</p><a href="https://www.amazon.com/dp/B01BKYFR7K?tag=eloabder-20&linkCode=osi&th=1&psc=1">View Product</a></div>
<div class="product"><a href="https://www.amazon.com/dp/B003PMQMK2?tag=eloabder-20&linkCode=osi&th=1&psc=1"><img src="https://m.media-amazon.com/images/I/51rKBA3bcNL._SL500_.jpg" alt="Product Image"></a><p>Milk-Bone MaroSnacks Small Dog Treats With Bone Marrow, 40 Ounce Container</p><p> -21% 0FF </p><p>$11.48 ($4.59 / lb)</p><a href="https://www.amazon.com/dp/B003PMQMK2?tag=eloabder-20&linkCode=osi&th=1&psc=1">View Product</a></div><div class="product"><a href="https://www.amazon.com/dp/B07BVL8TQF?tag=eloabder-20&linkCode=osi&th=1&psc=1"><img src="https://m.media-amazon.com/images/I/41V12A43ClL._SL500_.jpg" alt="Product Image"></a><p>Good ‘n’ Fun Triple Flavor Kabobs Chews for All Dogs, 24 Ounces, Treat Your Dog to Chews Made from Beef Hide, Real Chicken, Pork Hide, Duck and Chicken Liver</p><p> -27% 0FF </p><p>$15.98 ($10.65 / lb)</p><a href="https://www.amazon.com/dp/B07BVL8TQF?tag=eloabder-20&linkCode=osi&th=1&psc=1">View Product</a></div><div class="product"><a href="https://www.amazon.com/dp/B006HKA6II?tag=eloabder-20&linkCode=osi&th=1&psc=1"><img src="https://m.media-amazon.com/images/I/41sdmNauoVL._SL500_.jpg" alt="Product Image"></a><p>Milk-Bone Soft & Chewy Dog Treats, Beef & Filet Mignon Recipe, 25 Ounce</p><p> -7% 0FF </p><p>$14.48 ($9.27 / lb)</p><a href="https://www.amazon.com/dp/B006HKA6II?tag=eloabder-20&linkCode=osi&th=1&psc=1">View Product</a></div><div class="product"><a href="https://www.amazon.com/dp/B006W6YHHI?tag=eloabder-20&linkCode=osi&th=1&psc=1"><img src="https://m.media-amazon.com/images/I/51VcU1tm-7L._SL500_.jpg" alt="Product Image"></a><p>Greenies Original Regular Dental Dog Treats, 36 oz. Pack (36 Treats)</p><p> -8% 0FF </p><p>$36.97 ($16.43 / lb)</p><a href="https://www.amazon.com/dp/B006W6YHHI?tag=eloabder-20&linkCode=osi&th=1&psc=1">View Product</a></div><div class="product"><a href="https://www.amazon.com/dp/B07D323MFZ?tag=eloabder-20&linkCode=osi&th=1&psc=1"><img src="https://m.media-amazon.com/images/I/41OTio6+siL._SL500_.jpg" alt="Product Image"></a><p>INABA Churu Cat Treats, Grain-Free, Lickable, Squeezable Creamy Purée Cat Treat/Topper with Vitamin E & Taurine, 0.5 Ounces Each Tube, 50 Tubes, Tuna & Chicken Variety</p><p> -18% 0FF </p><p>$32.96 ($1.32 / Ounce)</p><a href="https://www.amazon.com/dp/B07D323MFZ?tag=eloabder-20&linkCode=osi&th=1&psc=1">View Product</a></div><div class="product"><a href="https://www.amazon.com/dp/B09MZDFLSV?tag=eloabder-20&linkCode=osi&th=1&psc=1"><img src="https://m.media-amazon.com/images/I/51mXUxhYDiL._SL500_.jpg" alt="Product Image"></a><p>Full Moon All Natural Human Grade Dog Treats, Essential Beef Savory Sticks, 22 Ounce, 1.375 Pound (Pack of 1)</p><p> -10% 0FF </p><p>$17.94 ($13.05 / lb)</p><a href="https://www.amazon.com/dp/B09MZDFLSV?tag=eloabder-20&linkCode=osi&th=1&psc=1">View Product</a></div><div class="product"><a href="https://www.amazon.com/dp/B07BVLGZW6?tag=eloabder-20&linkCode=osi&th=1&psc=1"><img src="https://m.media-amazon.com/images/I/51g5KoU0RiL._SL500_.jpg" alt="Product Image"></a><p>Good ‘n’ Fun Triple Flavor Wings Chews for All Dogs, 12 Ounces, Treat Your Dog to Long-Lasting Chews Made with Chicken, Pork Hide and Beef Hide</p><p> -27% 0FF </p><p>$10.48 ($13.97 / lb)</p><a href="https://www.amazon.com/dp/B07BVLGZW6?tag=eloabder-20&linkCode=osi&th=1&psc=1">View Product</a></div>
<div class="product"><a href="https://www.amazon.com/dp/B01EX0H12M?tag=eloabder-20&linkCode=osi&th=1&psc=1"><img src="https://m.media-amazon.com/images/I/41tpUtk3FGL._SL500_.jpg" alt="Product Image"></a><p>Full Moon Chicken Jerky Healthy All Natural Dog Treats Human Grade Made in USA Grain Free, 1.5 Pound (Pack of 1)</p><p> -19% 0FF </p><p>$26.44 ($17.63 / lb)</p><a href="https://www.amazon.com/dp/B01EX0H12M?tag=eloabder-20&linkCode=osi&th=1&psc=1">View Product</a></div>
<div class="product"><a href="https://www.amazon.com/dp/B07BTRHM75?tag=eloabder-20&linkCode=osi&th=1&psc=1"><img src="https://m.media-amazon.com/images/I/51yN5sax9BL._SL500_.jpg" alt="Product Image"></a><p>Delectables Bisque Lickable Wet Cat Treats - Chicken, Tuna & Shrimp, 12 count</p><p> -9% 0FF </p><p>$12.94 ($0.77 / Ounce)</p><a href="https://www.amazon.com/dp/B07BTRHM75?tag=eloabder-20&linkCode=osi&th=1&psc=1">View Product</a></div><div class="product"><a href="https://www.amazon.com/dp/B00M0FK8UU?tag=eloabder-20&linkCode=osi&th=1&psc=1"><img src="https://m.media-amazon.com/images/I/517+RuVAECL._SL500_.jpg" alt="Product Image"></a><p>Temptations MixUps Surfer's Delight Flavor Crunchy and Soft Cat Treats, 16 oz. Tub</p><p> -8% 0FF </p><p>$7.80 ($0.49 / Ounce)</p><a href="https://www.amazon.com/dp/B00M0FK8UU?tag=eloabder-20&linkCode=osi&th=1&psc=1">View Product</a></div><div class="product"><a href="https://www.amazon.com/dp/B07KGXQ1WC?tag=eloabder-20&linkCode=osi&th=1&psc=1"><img src="https://m.media-amazon.com/images/I/51lx-r6UP1L._SL500_.jpg" alt="Product Image"></a><p>Temptations Classic Crunchy and Soft Cat Treats, Shrimpy Shrimp Flavor, 16 oz. Tub</p><p> -25% 0FF </p><p>$6.36 ($0.40 / Ounce)</p><a href="https://www.amazon.com/dp/B07KGXQ1WC?tag=eloabder-20&linkCode=osi&th=1&psc=1">View Product</a></div>
<div class="product"><a href="https://www.amazon.com/dp/B0BHN7K52L?tag=eloabder-20&linkCode=osi&th=1&psc=1"><img src="https://m.media-amazon.com/images/I/41VtkP72E7L._SL500_.jpg" alt="Product Image"></a><p>Dog Toys for Aggresive Chewers - Tough,Indestructible Dog Toys for Large, Medium,Small Breed to Keep Them Busy</p><p> -38% 0FF </p><p>$9.99</p><a href="https://www.amazon.com/dp/B0BHN7K52L?tag=eloabder-20&linkCode=osi&th=1&psc=1">View Product</a></div><div class="product"><a href="https://www.amazon.com/dp/B000F4AVPA?tag=eloabder-20&linkCode=osi&th=1&psc=1"><img src="https://m.media-amazon.com/images/I/31NKTw5DUeL._SL500_.jpg" alt="Product Image"></a><p>Chuckit! Ultra Ball Dog Toy - Medium Bouncy Fetch Balls For Dogs 20-60 lbs - Made from Durable Rubber - Floating Water Pet Toys - Size Medium - 2.5-inch Diameter - Pack of 2</p><p> -35% 0FF </p><p>$7.13</p><a href="https://www.amazon.com/dp/B000F4AVPA?tag=eloabder-20&linkCode=osi&th=1&psc=1">View Product</a></div><div class="product"><a href="https://www.amazon.com/dp/B0B1LVKG8D?tag=eloabder-20&linkCode=osi&th=1&psc=1"><img src="https://m.media-amazon.com/images/I/51bjl2slJTL._SL500_.jpg" alt="Product Image"></a><p>Fuufome Large Squeaky Dog Toys- Plush Dog Toys with Soft Fabric for Small, Medium, and Large Dogs Daily Companionship, Training Reward Gift</p><p> -41% 0FF </p><p>$9.49</p><a href="https://www.amazon.com/dp/B0B1LVKG8D?tag=eloabder-20&linkCode=osi&th=1&psc=1">View Product</a></div>

<div class="product"><a href="https://www.amazon.com/dp/B01AHM6P18?tag=eloabder-20&linkCode=osi&th=1&psc=1"><img src="https://m.media-amazon.com/images/I/51z5bUF-cpL._SL500_.jpg" alt="Product Image"></a><p>Fashion's Talk Cat Toys Variety Pack for Kitty 20 Pieces</p><p> -21% 0FF </p><p>$9.49</p><a href="https://www.amazon.com/dp/B01AHM6P18?tag=eloabder-20&linkCode=osi&th=1&psc=1">View Product</a></div><div class="product"><a href="https://www.amazon.com/dp/B0DG1X5KHM?tag=eloabder-20&linkCode=osi&th=1&psc=1"><img src="https://m.media-amazon.com/images/I/31YvLOoWZsL._SL500_.jpg" alt="Product Image"></a><p>Jkanti Interactive Cat Toys for Indoor Cats,The 3rd Generation Agile Moving Cat Ball with Elastic Mesh Tail,Automatic Kitten Toys for Bored Indoor Adult Cats,Motion Activated (Orange)</p><p> -10% 0FF </p><p>$17.99</p><a href="https://www.amazon.com/dp/B0DG1X5KHM?tag=eloabder-20&linkCode=osi&th=1&psc=1">View Product</a></div><div class="product"><a href="https://www.amazon.com/dp/B0D6W8B4FM?tag=eloabder-20&linkCode=osi&th=1&psc=1"><img src="https://m.media-amazon.com/images/I/31tkIoBZ3tL._SL500_.jpg" alt="Product Image"></a><p>TBTeek Cat Toys, USB Rechargeable Kitten Toy, 3 Light Modes & 5 Adjustable Patterns, Portable Interactive Pet Dog Cat Mouse Toy for Fun Chase Play Exercise</p><p> -13% 0FF </p><p>$6.97</p><a href="https://www.amazon.com/dp/B0D6W8B4FM?tag=eloabder-20&linkCode=osi&th=1&psc=1">View Product</a></div><div class="product"><a href="https://www.amazon.com/dp/B0CZ3YD1V6?tag=eloabder-20&linkCode=osi&th=1&psc=1"><img src="https://m.media-amazon.com/images/I/41nrT5-eUfL._SL500_.jpg" alt="Product Image"></a><p>Potaroma Cat Toys Chew Ropes 3Pcs with Refillable Natural Catnip, Safe Teeth Cleaning Toy for Indoor Kittens, Interactive Cat Nip Kitty Toys for All Breeds 19.5 Inches</p><p> -42% 0FF </p><p>$7.59</p><a href="https://www.amazon.com/dp/B0CZ3YD1V6?tag=eloabder-20&linkCode=osi&th=1&psc=1">View Product</a></div><div class="product"><a href="https://www.amazon.com/dp/B09WHBG4DV?tag=eloabder-20&linkCode=osi&th=1&psc=1"><img src="https://m.media-amazon.com/images/I/41eXntBWimL._SL500_.jpg" alt="Product Image"></a><p>Potaroma Cat Toys Pillows, 3 Pack, Soft and Durable Crinkle Sound with Catnip Inside, Interactive Indoor Kitten Kicker, Promotes Kitty Exercise</p><p> -38% 0FF </p><p>$9.98</p><a href="https://www.amazon.com/dp/B09WHBG4DV?tag=eloabder-20&linkCode=osi&th=1&psc=1">View Product</a></div>
<div class="product"><a href="https://www.amazon.com/dp/B08CXGYW1Q?tag=eloabder-20&linkCode=osi&th=1&psc=1"><img src="https://m.media-amazon.com/images/I/51TwJcM8A9L._SL500_.jpg" alt="Product Image"></a><p>Bedsure Calming Dog Bed Medium Size Dog - Donut Washable Medium Pet Bed, 30 inches Anti-Slip Round Fluffy Plush Faux Fur Cat Bed, Fits up to 45 lbs Pets, Camel</p><p> -7% 0FF </p><p>$39.99</p><a href="https://www.amazon.com/dp/B08CXGYW1Q?tag=eloabder-20&linkCode=osi&th=1&psc=1">View Product</a></div><div class="product"><a href="https://www.amazon.com/dp/B0DBYVR7LH?tag=eloabder-20&linkCode=osi&th=1&psc=1"><img src="https://m.media-amazon.com/images/I/51Mdi5roe1L._SL500_.jpg" alt="Product Image"></a><p>Hoewina Dog & Cat Bed for Indoor Cats, 20in Calming Donut Bed for Puppy and Kitten, Washable Round Fluffy Pet Bed for Small Medium Dogs and Cats (Light Grey)</p><p> -18% 0FF </p><p>$9.85</p><a href="https://www.amazon.com/dp/B0DBYVR7LH?tag=eloabder-20&linkCode=osi&th=1&psc=1">View Product</a></div><div class="product"><a href="https://www.amazon.com/dp/B0FBLRWFC1?tag=eloabder-20&linkCode=osi&th=1&psc=1"><img src="https://m.media-amazon.com/images/I/41qIhp9dq7L._SL500_.jpg" alt="Product Image"></a><p>Donut Dog Bed for Small Medium Dogs Cats, 18 inch Calming Washable-Round Cozy Soft Pet Bed for Puppy and Kitten with Slip-Resistant Bottom</p><p> -50% 0FF </p><p>$9.99</p><a href="https://www.amazon.com/dp/B0FBLRWFC1?tag=eloabder-20&linkCode=osi&th=1&psc=1">View Product</a></div><div class="product"><a href="https://www.amazon.com/dp/B000TZ73EW?tag=eloabder-20&linkCode=osi&th=1&psc=1"><img src="https://m.media-amazon.com/images/I/41PrtjgWzEL._SL500_.jpg" alt="Product Image"></a><p>MidWest Homes for Pets QuietTime XXS Dog Bed – Cinnamon Faux Fur Bolster, Ultra-Soft and Machine Washable, Fits 18-Inch Crates and Carriers, for Small Dogs and Cats</p><p> -13% 0FF </p><p>$11.33</p><a href="https://www.amazon.com/dp/B000TZ73EW?tag=eloabder-20&linkCode=osi&th=1&psc=1">View Product</a></div>

<div class="product"><a href="https://www.amazon.com/dp/B07MFYSKCL?tag=eloabder-20&linkCode=osi&th=1&psc=1"><img src="https://m.media-amazon.com/images/I/41WrfqDuWpL._SL500_.jpg" alt="Product Image"></a><p>Love's cabin Round Donut Cat and Dog Cushion Bed, 20in Bed for Cats or Small Dogs, Anti-Slip & Water-Resistant Bottom, Super Soft Durable Fabric Pet Beds, Washable Luxury Cat & Dog Bed Gray</p><p> -20% 0FF </p><p>$15.99</p><a href="https://www.amazon.com/dp/B07MFYSKCL?tag=eloabder-20&linkCode=osi&th=1&psc=1">View Product</a></div><div class="product"><a href="https://www.amazon.com/dp/B08CY5VR5W?tag=eloabder-20&linkCode=osi&th=1&psc=1"><img src="https://m.media-amazon.com/images/I/51Hp7ZTQiFL._SL500_.jpg" alt="Product Image"></a><p>Bedsure Cat Beds for Indoor Cats - Large Cat Cave for Pet Cat House with Fluffy Ball Hanging and Scratch Pad, Foldable Cat Hideaway, 16.5x16.5x13 inches, Grey</p><p> -20% 0FF </p><p>$23.99</p><a href="https://www.amazon.com/dp/B08CY5VR5W?tag=eloabder-20&linkCode=osi&th=1&psc=1">View Product</a></div><div class="product"><a href="https://www.amazon.com/dp/B06XF6VH2N?tag=eloabder-20&linkCode=osi&th=1&psc=1"><img src="https://m.media-amazon.com/images/I/41+7YS2mbWL._SL500_.jpg" alt="Product Image"></a><p>Furhaven ThermaNAP Self-Warming Cat Bed for Indoor Cats & Small Dogs, Washable & Reflects Body Heat - Quilted Faux Fur Reflective Bed Mat - Gray, Small</p><p> -8% 0FF </p><p>$11.99</p><a href="https://www.amazon.com/dp/B06XF6VH2N?tag=eloabder-20&linkCode=osi&th=1&psc=1">View Product</a></div><div class="product"><a href="https://www.amazon.com/dp/B0DDKRS437?tag=eloabder-20&linkCode=osi&th=1&psc=1"><img src="https://m.media-amazon.com/images/I/31eWtW2c9JL._SL500_.jpg" alt="Product Image"></a><p>BALANCE Cat Bed Kitten Bed, Washable Round Cat Beds for Indoor Cats, Super Soft Plush Faux Fur Pet Bed for Puppy and Kitten with Anti-Slip Bottom</p><p> -21% 0FF </p><p>$28.49</p><a href="https://www.amazon.com/dp/B0DDKRS437?tag=eloabder-20&linkCode=osi&th=1&psc=1">View Product</a></div>
<div class="product"><a href="https://www.amazon.com/dp/B0BFG9Z2P9?tag=eloabder-20&linkCode=osi&th=1&psc=1"><img src="https://m.media-amazon.com/images/I/418f7l64RZL._SL500_.jpg" alt="Product Image"></a><p>Tomkas Small Dog Sling Carrier - Classic Pocket & Classic Strap - for 3-10 lbs Pets(Black)</p><p> -5% 0FF </p><p>$13.29</p><a href="https://www.amazon.com/dp/B0BFG9Z2P9?tag=eloabder-20&linkCode=osi&th=1&psc=1">View Product</a></div>
<div class="product"><a href="https://www.amazon.com/dp/B0CTF8S82M?tag=eloabder-20&linkCode=osi&th=1&psc=1"><img src="https://m.media-amazon.com/images/I/31iR7d1zNSL._SL500_.jpg" alt="Product Image"></a><p>Dog Carrier Sling - Reversible Puppy Carrier Purse with Storage Pocket, Hand-Free Dog Sling Carrier for Carry Small Dogs and Cats, Travel Safety Harness, Dog and Cat Harness(Black)</p><p> -17% 0FF </p><p>$9.99</p><a href="https://www.amazon.com/dp/B0CTF8S82M?tag=eloabder-20&linkCode=osi&th=1&psc=1">View Product</a></div><div class="product"><a href="https://www.amazon.com/dp/B09MJ131L5?tag=eloabder-20&linkCode=osi&th=1&psc=1"><img src="https://m.media-amazon.com/images/I/51vCG0gYKFL._SL500_.jpg" alt="Product Image"></a><p>GAPZER Pet Carrier for Large Cats, Soft-Sided Cat Carrier for Medium Big Cats and Puppy up to 20lbs, Washable Dog Carrier Privacy Protection for Home Outdoor Travel</p><p> -25% 0FF </p><p>$29.99</p><a href="https://www.amazon.com/dp/B09MJ131L5?tag=eloabder-20&linkCode=osi&th=1&psc=1">View Product</a></div><div class="product"><a href="https://www.amazon.com/dp/B0CGB1SRGH?tag=eloabder-20&linkCode=osi&th=1&psc=1"><img src="https://m.media-amazon.com/images/I/51x07O9JhRL._SL500_.jpg" alt="Product Image"></a><p>Soft Sided Cat/Dog Carrier,Collapsible Pets Travel Carriers for Pet/Puppy with Shoulder Strap & Removable Mat,Mesh Top Load Small Dogs/Cats Carry Bag Up to 17 Lbs TSA Airline Approved（Black,M）</p><p> -15% 0FF </p><p>$17.77 ($17.77 / Count)</p><a href="https://www.amazon.com/dp/B0CGB1SRGH?tag=eloabder-20&linkCode=osi&th=1&psc=1">View Product</a></div>

<div class="product"><a href="https://www.amazon.com/dp/B0FJ2NPL47?tag=eloabder-20&linkCode=osi&th=1&psc=1"><img src="https://m.media-amazon.com/images/I/51TDSHRvQDL._SL500_.jpg" alt="Product Image"></a><p>Pet Hair Removal Glove for Dogs & Cats, Newly Upgraded Reusable Electrostatic Pet Hair Gloves, Pet Hair Remover Tool for Clothing, Couch, Carpet, Car Seat</p><p> -15% 0FF </p><p>$16.99</p><a href="https://www.amazon.com/dp/B0FJ2NPL47?tag=eloabder-20&linkCode=osi&th=1&psc=1">View Product</a></div><div class="product"><a href="https://www.amazon.com/dp/B0DMWBS87F?tag=eloabder-20&linkCode=osi&th=1&psc=1"><img src="https://m.media-amazon.com/images/I/51Q8Cx4sNWL._SL500_.jpg" alt="Product Image"></a><p>Paw Science Dog Eye Wipes - Hypoallergenic Eye & Face Wipes for Dogs, Cats, & Puppy - Pet Tear Stain Remover & Cleaner - Gently Cleans & Removes Discharge, Crust, & Gunk (Coconut)</p><p> -36% 0FF </p><p>$8.99 ($0.09 / Count)</p><a href="https://www.amazon.com/dp/B0DMWBS87F?tag=eloabder-20&linkCode=osi&th=1&psc=1">View Product</a></div><div class="product"><a href="https://www.amazon.com/dp/B0FH6PZ6RZ?tag=eloabder-20&linkCode=osi&th=1&psc=1"><img src="https://m.media-amazon.com/images/I/414hJ-w970L._SL500_.jpg" alt="Product Image"></a><p>Dog Nail Grinder with 2 LED Lights Powerful 2 Speeds Super Quiet Dog Nail Trimmers with 3 Grinding Wheels Rechargeable Pet Dog Nail Clippers for Large Medium Puppy Dogs Nail File Cat Nail Clipper Blue</p><p> -5% 0FF </p><p>$18.99</p><a href="https://www.amazon.com/dp/B0FH6PZ6RZ?tag=eloabder-20&linkCode=osi&th=1&psc=1">View Product</a></div><div class="product"><a href="https://www.amazon.com/dp/B0FD9MGDKV?tag=eloabder-20&linkCode=osi&th=1&psc=1"><img src="https://m.media-amazon.com/images/I/51XGj6QgMcL._SL500_.jpg" alt="Product Image"></a><p>Pet Hair Removal Glove for Cats & Dogs, Upgraded Five-Finger Electrostatic Pet Hair Gloves, Reusable Magic Brush Pet Hair Remover Tool for Laundry, Couch, Carpet, Car Seat</p><p> -19% 0FF </p><p>$16.17</p><a href="https://www.amazon.com/dp/B0FD9MGDKV?tag=eloabder-20&linkCode=osi&th=1&psc=1">View Product</a></div>
<div class="product"><a href="https://www.amazon.com/dp/B09K8YYVWV?tag=eloabder-20&linkCode=osi&th=1&psc=1"><img src="https://m.media-amazon.com/images/I/4123dxF1ijL._SL500_.jpg" alt="Product Image"></a><p>Blue Buffalo Life Protection Formula Natural Adult Dry Dog Food, Chicken and Brown Rice 5-lb Trial Size Bag</p><p> -17% 0FF </p><p>$14.98 ($3.00 / lb)</p><a href="https://www.amazon.com/dp/B09K8YYVWV?tag=eloabder-20&linkCode=osi&th=1&psc=1">View Product</a></div><div class="product"><a href="https://www.amazon.com/dp/B0000AH3QT?tag=eloabder-20&linkCode=osi&th=1&psc=1"><img src="https://m.media-amazon.com/images/I/41FXHOzdCWL._SL500_.jpg" alt="Product Image"></a><p>Purina ONE Chicken and Rice Formula Dry Dog Food - 8 lb. Bag</p><p> -9% 0FF </p><p>$16.28 ($2.04 / Pound)</p><a href="https://www.amazon.com/dp/B0000AH3QT?tag=eloabder-20&linkCode=osi&th=1&psc=1">View Product</a></div><div class="product"><a href="https://www.amazon.com/dp/B0000AH3QW?tag=eloabder-20&linkCode=osi&th=1&psc=1"><img src="https://m.media-amazon.com/images/I/41jXsOOPPtL._SL500_.jpg" alt="Product Image"></a><p>Purina ONE Dry Dog Food Lamb and Rice Formula - 8 lb. Bag</p><p> -9% 0FF </p><p>$16.28 ($2.04 / pound)</p><a href="https://www.amazon.com/dp/B0000AH3QW?tag=eloabder-20&linkCode=osi&th=1&psc=1">View Product</a></div><div class="product"><a href="https://www.amazon.com/dp/B09K9FDLFN?tag=eloabder-20&linkCode=osi&th=1&psc=1"><img src="https://m.media-amazon.com/images/I/41fn4P3zY0L._SL500_.jpg" alt="Product Image"></a><p>Blue Buffalo Life Protection Formula Natural Adult Small Breed Dry Dog Food, Chicken and Brown Rice 5-lb Trial Size Bag</p><p> -15% 0FF </p><p>$16.98 ($3.40 / lb)</p><a href="https://www.amazon.com/dp/B09K9FDLFN?tag=eloabder-20&linkCode=osi&th=1&psc=1">View Product</a></div><div class="product"><a href="https://www.amazon.com/dp/B008NHLZ2Y?tag=eloabder-20&linkCode=osi&th=1&psc=1"><img src="https://m.media-amazon.com/images/I/51OqxCyPKTL._SL500_.jpg" alt="Product Image"></a><p>Cesar Wet Dog Food Classic Loaf in Sauce Beef Recipe, Filet Mignon, Grilled Chicken and Porterhouse Steak Variety Pack, 3.5 oz. Easy Peel Trays (24 Count, Pack of 1)</p><p> -11% 0FF </p><p>$24.94 ($1.04 / Count)</p><a href="https://www.amazon.com/dp/B008NHLZ2Y?tag=eloabder-20&linkCode=osi&th=1&psc=1">View Product</a></div><div class="product"><a href="https://www.amazon.com/dp/B00DE7WKVS?tag=eloabder-20&linkCode=osi&th=1&psc=1"><img src="https://m.media-amazon.com/images/I/514-XqvXJJL._SL500_.jpg" alt="Product Image"></a><p>Purina ONE True Instinct With A Blend Of Real Turkey and Venison Dry Dog Food - 15 lb. Bag</p><p> -9% 0FF </p><p>$32.28 ($2.15 / Pound)</p><a href="https://www.amazon.com/dp/B00DE7WKVS?tag=eloabder-20&linkCode=osi&th=1&psc=1">View Product</a></div>
<div class="product"><a href="https://www.amazon.com/dp/B007JXVR76?tag=eloabder-20&linkCode=osi&th=1&psc=1"><img src="https://m.media-amazon.com/images/I/41XRcLETtGL._SL500_.jpg" alt="Product Image"></a><p>Meow Mix Original Choice Dry Cat Food, 6.3 Pound Bag</p><p> -6% 0FF </p><p>$9.29 ($1.47 / lb)</p><a href="https://www.amazon.com/dp/B007JXVR76?tag=eloabder-20&linkCode=osi&th=1&psc=1">View Product</a></div><div class="product"><a href="https://www.amazon.com/dp/B0D9MW74TG?tag=eloabder-20&linkCode=osi&th=1&psc=1"><img src="https://m.media-amazon.com/images/I/51CSHkalU1L._SL500_.jpg" alt="Product Image"></a><p>Meow Mix Gravy Bursts Dry Cat Food, Chicken, 3 LB Bag</p><p> -16% 0FF </p><p>$5.72 ($1.91 / lb)</p><a href="https://www.amazon.com/dp/B0D9MW74TG?tag=eloabder-20&linkCode=osi&th=1&psc=1">View Product</a></div><div class="product"><a href="https://www.amazon.com/dp/B01H3OA7KI?tag=eloabder-20&linkCode=osi&th=1&psc=1"><img src="https://m.media-amazon.com/images/I/51vds1pph5L._SL500_.jpg" alt="Product Image"></a><p>Purina Cat Chow Hairball, Healthy Weight, Indoor, Natural Dry Cat Food, Naturals Indoor - 13 lb. Bag</p><p> -6% 0FF </p><p>$16.99 ($1.31 / lb)</p><a href="https://www.amazon.com/dp/B01H3OA7KI?tag=eloabder-20&linkCode=osi&th=1&psc=1">View Product</a></div><div class="product"><a href="https://www.amazon.com/dp/B01BKYFR7K?tag=eloabder-20&linkCode=osi&th=1&psc=1"><img src="https://m.media-amazon.com/images/I/41GYcHtJdcL._SL500_.jpg" alt="Product Image"></a><p>IAMS Proactive Health Indoor Weight Control & Hairball Care Adult Dry Cat Food, Chicken & Turkey Recipe, 7 lb. Bag</p><p> -11% 0FF </p><p>$16.97 ($2.42 / lb)</p><a href="https://www.amazon.com/dp/B01BKYFR7K?tag=eloabder-20&linkCode=osi&th=1&psc=1">View Product</a></div>
<div class="product"><a href="https://www.amazon.com/dp/B003PMQMK2?tag=eloabder-20&linkCode=osi&th=1&psc=1"><img src="https://m.media-amazon.com/images/I/51rKBA3bcNL._SL500_.jpg" alt="Product Image"></a><p>Milk-Bone MaroSnacks Small Dog Treats With Bone Marrow, 40 Ounce Container</p><p> -21% 0FF </p><p>$11.48 ($4.59 / lb)</p><a href="https://www.amazon.com/dp/B003PMQMK2?tag=eloabder-20&linkCode=osi&th=1&psc=1">View Product</a></div><div class="product"><a href="https://www.amazon.com/dp/B07BVL8TQF?tag=eloabder-20&linkCode=osi&th=1&psc=1"><img src="https://m.media-amazon.com/images/I/41V12A43ClL._SL500_.jpg" alt="Product Image"></a><p>Good ‘n’ Fun Triple Flavor Kabobs Chews for All Dogs, 24 Ounces, Treat Your Dog to Chews Made from Beef Hide, Real Chicken, Pork Hide, Duck and Chicken Liver</p><p> -27% 0FF </p><p>$15.98 ($10.65 / lb)</p><a href="https://www.amazon.com/dp/B07BVL8TQF?tag=eloabder-20&linkCode=osi&th=1&psc=1">View Product</a></div><div class="product"><a href="https://www.amazon.com/dp/B006HKA6II?tag=eloabder-20&linkCode=osi&th=1&psc=1"><img src="https://m.media-amazon.com/images/I/41sdmNauoVL._SL500_.jpg" alt="Product Image"></a><p>Milk-Bone Soft & Chewy Dog Treats, Beef & Filet Mignon Recipe, 25 Ounce</p><p> -7% 0FF </p><p>$14.48 ($9.27 / lb)</p><a href="https://www.amazon.com/dp/B006HKA6II?tag=eloabder-20&linkCode=osi&th=1&psc=1">View Product</a></div><div class="product"><a href="https://www.amazon.com/dp/B006W6YHHI?tag=eloabder-20&linkCode=osi&th=1&psc=1"><img src="https://m.media-amazon.com/images/I/51VcU1tm-7L._SL500_.jpg" alt="Product Image"></a><p>Greenies Original Regular Dental Dog Treats, 36 oz. Pack (36 Treats)</p><p> -8% 0FF </p><p>$36.97 ($16.43 / lb)</p><a href="https://www.amazon.com/dp/B006W6YHHI?tag=eloabder-20&linkCode=osi&th=1&psc=1">View Product</a></div><div class="product"><a href="https://www.amazon.com/dp/B07D323MFZ?tag=eloabder-20&linkCode=osi&th=1&psc=1"><img src="https://m.media-amazon.com/images/I/41OTio6+siL._SL500_.jpg" alt="Product Image"></a><p>INABA Churu Cat Treats, Grain-Free, Lickable, Squeezable Creamy Purée Cat Treat/Topper with Vitamin E & Taurine, 0.5 Ounces Each Tube, 50 Tubes, Tuna & Chicken Variety</p><p> -18% 0FF </p><p>$32.96 ($1.32 / Ounce)</p><a href="https://www.amazon.com/dp/B07D323MFZ?tag=eloabder-20&linkCode=osi&th=1&psc=1">View Product</a></div><div class="product"><a href="https://www.amazon.com/dp/B09MZDFLSV?tag=eloabder-20&linkCode=osi&th=1&psc=1"><img src="https://m.media-amazon.com/images/I/51mXUxhYDiL._SL500_.jpg" alt="Product Image"></a><p>Full Moon All Natural Human Grade Dog Treats, Essential Beef Savory Sticks, 22 Ounce, 1.375 Pound (Pack of 1)</p><p> -10% 0FF </p><p>$17.94 ($13.05 / lb)</p><a href="https://www.amazon.com/dp/B09MZDFLSV?tag=eloabder-20&linkCode=osi&th=1&psc=1">View Product</a></div><div class="product"><a href="https://www.amazon.com/dp/B07BVLGZW6?tag=eloabder-20&linkCode=osi&th=1&psc=1"><img src="https://m.media-amazon.com/images/I/51g5KoU0RiL._SL500_.jpg" alt="Product Image"></a><p>Good ‘n’ Fun Triple Flavor Wings Chews for All Dogs, 12 Ounces, Treat Your Dog to Long-Lasting Chews Made with Chicken, Pork Hide and Beef Hide</p><p> -27% 0FF </p><p>$10.48 ($13.97 / lb)</p><a href="https://www.amazon.com/dp/B07BVLGZW6?tag=eloabder-20&linkCode=osi&th=1&psc=1">View Product</a></div>
<div class="product"><a href="https://www.amazon.com/dp/B01EX0H12M?tag=eloabder-20&linkCode=osi&th=1&psc=1"><img src="https://m.media-amazon.com/images/I/41tpUtk3FGL._SL500_.jpg" alt="Product Image"></a><p>Full Moon Chicken Jerky Healthy All Natural Dog Treats Human Grade Made in USA Grain Free, 1.5 Pound (Pack of 1)</p><p> -19% 0FF </p><p>$26.44 ($17.63 / lb)</p><a href="https://www.amazon.com/dp/B01EX0H12M?tag=eloabder-20&linkCode=osi&th=1&psc=1">View Product</a></div>
<div class="product"><a href="https://www.amazon.com/dp/B07BTRHM75?tag=eloabder-20&linkCode=osi&th=1&psc=1"><img src="https://m.media-amazon.com/images/I/51yN5sax9BL._SL500_.jpg" alt="Product Image"></a><p>Delectables Bisque Lickable Wet Cat Treats - Chicken, Tuna & Shrimp, 12 count</p><p> -9% 0FF </p><p>$12.94 ($0.77 / Ounce)</p><a href="https://www.amazon.com/dp/B07BTRHM75?tag=eloabder-20&linkCode=osi&th=1&psc=1">View Product</a></div><div class="product"><a href="https://www.amazon.com/dp/B00M0FK8UU?tag=eloabder-20&linkCode=osi&th=1&psc=1"><img src="https://m.media-amazon.com/images/I/517+RuVAECL._SL500_.jpg" alt="Product Image"></a><p>Temptations MixUps Surfer's Delight Flavor Crunchy and Soft Cat Treats, 16 oz. Tub</p><p> -8% 0FF </p><p>$7.80 ($0.49 / Ounce)</p><a href="https://www.amazon.com/dp/B00M0FK8UU?tag=eloabder-20&linkCode=osi&th=1&psc=1">View Product</a></div><div class="product"><a href="https://www.amazon.com/dp/B07KGXQ1WC?tag=eloabder-20&linkCode=osi&th=1&psc=1"><img src="https://m.media-amazon.com/images/I/51lx-r6UP1L._SL500_.jpg" alt="Product Image"></a><p>Temptations Classic Crunchy and Soft Cat Treats, Shrimpy Shrimp Flavor, 16 oz. Tub</p><p> -25% 0FF </p><p>$6.36 ($0.40 / Ounce)</p><a href="https://www.amazon.com/dp/B07KGXQ1WC?tag=eloabder-20&linkCode=osi&th=1&psc=1">View Product</a></div>
<div class="product"><a href="https://www.amazon.com/dp/B0BHN7K52L?tag=eloabder-20&linkCode=osi&th=1&psc=1"><img src="https://m.media-amazon.com/images/I/41VtkP72E7L._SL500_.jpg" alt="Product Image"></a><p>Dog Toys for Aggresive Chewers - Tough,Indestructible Dog Toys for Large, Medium,Small Breed to Keep Them Busy</p><p> -38% 0FF </p><p>$9.99</p><a href="https://www.amazon.com/dp/B0BHN7K52L?tag=eloabder-20&linkCode=osi&th=1&psc=1">View Product</a></div><div class="product"><a href="https://www.amazon.com/dp/B000F4AVPA?tag=eloabder-20&linkCode=osi&th=1&psc=1"><img src="https://m.media-amazon.com/images/I/31NKTw5DUeL._SL500_.jpg" alt="Product Image"></a><p>Chuckit! Ultra Ball Dog Toy - Medium Bouncy Fetch Balls For Dogs 20-60 lbs - Made from Durable Rubber - Floating Water Pet Toys - Size Medium - 2.5-inch Diameter - Pack of 2</p><p> -35% 0FF </p><p>$7.13</p><a href="https://www.amazon.com/dp/B000F4AVPA?tag=eloabder-20&linkCode=osi&th=1&psc=1">View Product</a></div><div class="product"><a href="https://www.amazon.com/dp/B0B1LVKG8D?tag=eloabder-20&linkCode=osi&th=1&psc=1"><img src="https://m.media-amazon.com/images/I/51bjl2slJTL._SL500_.jpg" alt="Product Image"></a><p>Fuufome Large Squeaky Dog Toys- Plush Dog Toys with Soft Fabric for Small, Medium, and Large Dogs Daily Companionship, Training Reward Gift</p><p> -41% 0FF </p><p>$9.49</p><a href="https://www.amazon.com/dp/B0B1LVKG8D?tag=eloabder-20&linkCode=osi&th=1&psc=1">View Product</a></div>

<div class="product"><a href="https://www.amazon.com/dp/B01AHM6P18?tag=eloabder-20&linkCode=osi&th=1&psc=1"><img src="https://m.media-amazon.com/images/I/51z5bUF-cpL._SL500_.jpg" alt="Product Image"></a><p>Fashion's Talk Cat Toys Variety Pack for Kitty 20 Pieces</p><p> -21% 0FF </p><p>$9.49</p><a href="https://www.amazon.com/dp/B01AHM6P18?tag=eloabder-20&linkCode=osi&th=1&psc=1">View Product</a></div><div class="product"><a href="https://www.amazon.com/dp/B0DG1X5KHM?tag=eloabder-20&linkCode=osi&th=1&psc=1"><img src="https://m.media-amazon.com/images/I/31YvLOoWZsL._SL500_.jpg" alt="Product Image"></a><p>Jkanti Interactive Cat Toys for Indoor Cats,The 3rd Generation Agile Moving Cat Ball with Elastic Mesh Tail,Automatic Kitten Toys for Bored Indoor Adult Cats,Motion Activated (Orange)</p><p> -10% 0FF </p><p>$17.99</p><a href="https://www.amazon.com/dp/B0DG1X5KHM?tag=eloabder-20&linkCode=osi&th=1&psc=1">View Product</a></div><div class="product"><a href="https://www.amazon.com/dp/B0D6W8B4FM?tag=eloabder-20&linkCode=osi&th=1&psc=1"><img src="https://m.media-amazon.com/images/I/31tkIoBZ3tL._SL500_.jpg" alt="Product Image"></a><p>TBTeek Cat Toys, USB Rechargeable Kitten Toy, 3 Light Modes & 5 Adjustable Patterns, Portable Interactive Pet Dog Cat Mouse Toy for Fun Chase Play Exercise</p><p> -13% 0FF </p><p>$6.97</p><a href="https://www.amazon.com/dp/B0D6W8B4FM?tag=eloabder-20&linkCode=osi&th=1&psc=1">View Product</a></div><div class="product"><a href="https://www.amazon.com/dp/B0CZ3YD1V6?tag=eloabder-20&linkCode=osi&th=1&psc=1"><img src="https://m.media-amazon.com/images/I/41nrT5-eUfL._SL500_.jpg" alt="Product Image"></a><p>Potaroma Cat Toys Chew Ropes 3Pcs with Refillable Natural Catnip, Safe Teeth Cleaning Toy for Indoor Kittens, Interactive Cat Nip Kitty Toys for All Breeds 19.5 Inches</p><p> -42% 0FF </p><p>$7.59</p><a href="https://www.amazon.com/dp/B0CZ3YD1V6?tag=eloabder-20&linkCode=osi&th=1&psc=1">View Product</a></div><div class="product"><a href="https://www.amazon.com/dp/B09WHBG4DV?tag=eloabder-20&linkCode=osi&th=1&psc=1"><img src="https://m.media-amazon.com/images/I/41eXntBWimL._SL500_.jpg" alt="Product Image"></a><p>Potaroma Cat Toys Pillows, 3 Pack, Soft and Durable Crinkle Sound with Catnip Inside, Interactive Indoor Kitten Kicker, Promotes Kitty Exercise</p><p> -38% 0FF </p><p>$9.98</p><a href="https://www.amazon.com/dp/B09WHBG4DV?tag=eloabder-20&linkCode=osi&th=1&psc=1">View Product</a></div>
<div class="product"><a href="https://www.amazon.com/dp/B08CXGYW1Q?tag=eloabder-20&linkCode=osi&th=1&psc=1"><img src="https://m.media-amazon.com/images/I/51TwJcM8A9L._SL500_.jpg" alt="Product Image"></a><p>Bedsure Calming Dog Bed Medium Size Dog - Donut Washable Medium Pet Bed, 30 inches Anti-Slip Round Fluffy Plush Faux Fur Cat Bed, Fits up to 45 lbs Pets, Camel</p><p> -7% 0FF </p><p>$39.99</p><a href="https://www.amazon.com/dp/B08CXGYW1Q?tag=eloabder-20&linkCode=osi&th=1&psc=1">View Product</a></div><div class="product"><a href="https://www.amazon.com/dp/B0DBYVR7LH?tag=eloabder-20&linkCode=osi&th=1&psc=1"><img src="https://m.media-amazon.com/images/I/51Mdi5roe1L._SL500_.jpg" alt="Product Image"></a><p>Hoewina Dog & Cat Bed for Indoor Cats, 20in Calming Donut Bed for Puppy and Kitten, Washable Round Fluffy Pet Bed for Small Medium Dogs and Cats (Light Grey)</p><p> -18% 0FF </p><p>$9.85</p><a href="https://www.amazon.com/dp/B0DBYVR7LH?tag=eloabder-20&linkCode=osi&th=1&psc=1">View Product</a></div><div class="product"><a href="https://www.amazon.com/dp/B0FBLRWFC1?tag=eloabder-20&linkCode=osi&th=1&psc=1"><img src="https://m.media-amazon.com/images/I/41qIhp9dq7L._SL500_.jpg" alt="Product Image"></a><p>Donut Dog Bed for Small Medium Dogs Cats, 18 inch Calming Washable-Round Cozy Soft Pet Bed for Puppy and Kitten with Slip-Resistant Bottom</p><p> -50% 0FF </p><p>$9.99</p><a href="https://www.amazon.com/dp/B0FBLRWFC1?tag=eloabder-20&linkCode=osi&th=1&psc=1">View Product</a></div><div class="product"><a href="https://www.amazon.com/dp/B000TZ73EW?tag=eloabder-20&linkCode=osi&th=1&psc=1"><img src="https://m.media-amazon.com/images/I/41PrtjgWzEL._SL500_.jpg" alt="Product Image"></a><p>MidWest Homes for Pets QuietTime XXS Dog Bed – Cinnamon Faux Fur Bolster, Ultra-Soft and Machine Washable, Fits 18-Inch Crates and Carriers, for Small Dogs and Cats</p><p> -13% 0FF </p><p>$11.33</p><a href="https://www.amazon.com/dp/B000TZ73EW?tag=eloabder-20&linkCode=osi&th=1&psc=1">View Product</a></div>

<div class="product"><a href="https://www.amazon.com/dp/B07MFYSKCL?tag=eloabder-20&linkCode=osi&th=1&psc=1"><img src="https://m.media-amazon.com/images/I/41WrfqDuWpL._SL500_.jpg" alt="Product Image"></a><p>Love's cabin Round Donut Cat and Dog Cushion Bed, 20in Bed for Cats or Small Dogs, Anti-Slip & Water-Resistant Bottom, Super Soft Durable Fabric Pet Beds, Washable Luxury Cat & Dog Bed Gray</p><p> -20% 0FF </p><p>$15.99</p><a href="https://www.amazon.com/dp/B07MFYSKCL?tag=eloabder-20&linkCode=osi&th=1&psc=1">View Product</a></div><div class="product"><a href="https://www.amazon.com/dp/B08CY5VR5W?tag=eloabder-20&linkCode=osi&th=1&psc=1"><img src="https://m.media-amazon.com/images/I/51Hp7ZTQiFL._SL500_.jpg" alt="Product Image"></a><p>Bedsure Cat Beds for Indoor Cats - Large Cat Cave for Pet Cat House with Fluffy Ball Hanging and Scratch Pad, Foldable Cat Hideaway, 16.5x16.5x13 inches, Grey</p><p> -20% 0FF </p><p>$23.99</p><a href="https://www.amazon.com/dp/B08CY5VR5W?tag=eloabder-20&linkCode=osi&th=1&psc=1">View Product</a></div><div class="product"><a href="https://www.amazon.com/dp/B06XF6VH2N?tag=eloabder-20&linkCode=osi&th=1&psc=1"><img src="https://m.media-amazon.com/images/I/41+7YS2mbWL._SL500_.jpg" alt="Product Image"></a><p>Furhaven ThermaNAP Self-Warming Cat Bed for Indoor Cats & Small Dogs, Washable & Reflects Body Heat - Quilted Faux Fur Reflective Bed Mat - Gray, Small</p><p> -8% 0FF </p><p>$11.99</p><a href="https://www.amazon.com/dp/B06XF6VH2N?tag=eloabder-20&linkCode=osi&th=1&psc=1">View Product</a></div><div class="product"><a href="https://www.amazon.com/dp/B0DDKRS437?tag=eloabder-20&linkCode=osi&th=1&psc=1"><img src="https://m.media-amazon.com/images/I/31eWtW2c9JL._SL500_.jpg" alt="Product Image"></a><p>BALANCE Cat Bed Kitten Bed, Washable Round Cat Beds for Indoor Cats, Super Soft Plush Faux Fur Pet Bed for Puppy and Kitten with Anti-Slip Bottom</p><p> -21% 0FF </p><p>$28.49</p><a href="https://www.amazon.com/dp/B0DDKRS437?tag=eloabder-20&linkCode=osi&th=1&psc=1">View Product</a></div>
<div class="product"><a href="https://www.amazon.com/dp/B0BFG9Z2P9?tag=eloabder-20&linkCode=osi&th=1&psc=1"><img src="https://m.media-amazon.com/images/I/418f7l64RZL._SL500_.jpg" alt="Product Image"></a><p>Tomkas Small Dog Sling Carrier - Classic Pocket & Classic Strap - for 3-10 lbs Pets(Black)</p><p> -5% 0FF </p><p>$13.29</p><a href="https://www.amazon.com/dp/B0BFG9Z2P9?tag=eloabder-20&linkCode=osi&th=1&psc=1">View Product</a></div>
<div class="product"><a href="https://www.amazon.com/dp/B0CTF8S82M?tag=eloabder-20&linkCode=osi&th=1&psc=1"><img src="https://m.media-amazon.com/images/I/31iR7d1zNSL._SL500_.jpg" alt="Product Image"></a><p>Dog Carrier Sling - Reversible Puppy Carrier Purse with Storage Pocket, Hand-Free Dog Sling Carrier for Carry Small Dogs and Cats, Travel Safety Harness, Dog and Cat Harness(Black)</p><p> -17% 0FF </p><p>$9.99</p><a href="https://www.amazon.com/dp/B0CTF8S82M?tag=eloabder-20&linkCode=osi&th=1&psc=1">View Product</a></div><div class="product"><a href="https://www.amazon.com/dp/B09MJ131L5?tag=eloabder-20&linkCode=osi&th=1&psc=1"><img src="https://m.media-amazon.com/images/I/51vCG0gYKFL._SL500_.jpg" alt="Product Image"></a><p>GAPZER Pet Carrier for Large Cats, Soft-Sided Cat Carrier for Medium Big Cats and Puppy up to 20lbs, Washable Dog Carrier Privacy Protection for Home Outdoor Travel</p><p> -25% 0FF </p><p>$29.99</p><a href="https://www.amazon.com/dp/B09MJ131L5?tag=eloabder-20&linkCode=osi&th=1&psc=1">View Product</a></div><div class="product"><a href="https://www.amazon.com/dp/B0CGB1SRGH?tag=eloabder-20&linkCode=osi&th=1&psc=1"><img src="https://m.media-amazon.com/images/I/51x07O9JhRL._SL500_.jpg" alt="Product Image"></a><p>Soft Sided Cat/Dog Carrier,Collapsible Pets Travel Carriers for Pet/Puppy with Shoulder Strap & Removable Mat,Mesh Top Load Small Dogs/Cats Carry Bag Up to 17 Lbs TSA Airline Approved（Black,M）</p><p> -15% 0FF </p><p>$17.77 ($17.77 / Count)</p><a href="https://www.amazon.com/dp/B0CGB1SRGH?tag=eloabder-20&linkCode=osi&th=1&psc=1">View Product</a></div>


<div class="product"><a href="https://www.amazon.com/dp/B0FJ2NPL47?tag=eloabder-20&linkCode=osi&th=1&psc=1"><img src="https://m.media-amazon.com/images/I/51TDSHRvQDL._SL500_.jpg" alt="Product Image"></a><p>Pet Hair Removal Glove for Dogs & Cats, Newly Upgraded Reusable Electrostatic Pet Hair Gloves, Pet Hair Remover Tool for Clothing, Couch, Carpet, Car Seat</p><p> -15% 0FF </p><p>$16.99</p><a href="https://www.amazon.com/dp/B0FJ2NPL47?tag=eloabder-20&linkCode=osi&th=1&psc=1">View Product</a></div><div class="product"><a href="https://www.amazon.com/dp/B0DMWBS87F?tag=eloabder-20&linkCode=osi&th=1&psc=1"><img src="https://m.media-amazon.com/images/I/51Q8Cx4sNWL._SL500_.jpg" alt="Product Image"></a><p>Paw Science Dog Eye Wipes - Hypoallergenic Eye & Face Wipes for Dogs, Cats, & Puppy - Pet Tear Stain Remover & Cleaner - Gently Cleans & Removes Discharge, Crust, & Gunk (Coconut)</p><p> -36% 0FF </p><p>$8.99 ($0.09 / Count)</p><a href="https://www.amazon.com/dp/B0DMWBS87F?tag=eloabder-20&linkCode=osi&th=1&psc=1">View Product</a></div><div class="product"><a href="https://www.amazon.com/dp/B0FH6PZ6RZ?tag=eloabder-20&linkCode=osi&th=1&psc=1"><img src="https://m.media-amazon.com/images/I/414hJ-w970L._SL500_.jpg" alt="Product Image"></a><p>Dog Nail Grinder with 2 LED Lights Powerful 2 Speeds Super Quiet Dog Nail Trimmers with 3 Grinding Wheels Rechargeable Pet Dog Nail Clippers for Large Medium Puppy Dogs Nail File Cat Nail Clipper Blue</p><p> -5% 0FF </p><p>$18.99</p><a href="https://www.amazon.com/dp/B0FH6PZ6RZ?tag=eloabder-20&linkCode=osi&th=1&psc=1">View Product</a></div><div class="product"><a href="https://www.amazon.com/dp/B0FD9MGDKV?tag=eloabder-20&linkCode=osi&th=1&psc=1"><img src="https://m.media-amazon.com/images/I/51XGj6QgMcL._SL500_.jpg" alt="Product Image"></a><p>Pet Hair Removal Glove for Cats & Dogs, Upgraded Five-Finger Electrostatic Pet Hair Gloves, Reusable Magic Brush Pet Hair Remover Tool for Laundry, Couch, Carpet, Car Seat</p><p> -19% 0FF </p><p>$16.17</p><a href="https://www.amazon.com/dp/B0FD9MGDKV?tag=eloabder-20&linkCode=osi&th=1&psc=1">View Product</a></div>
<div class="product"><a href="https://www.amazon.com/dp/B09K8YYVWV?tag=eloabder-20&linkCode=osi&th=1&psc=1"><img src="https://m.media-amazon.com/images/I/4123dxF1ijL._SL500_.jpg" alt="Product Image"></a><p>Blue Buffalo Life Protection Formula Natural Adult Dry Dog Food, Chicken and Brown Rice 5-lb Trial Size Bag</p><p> -17% 0FF </p><p>$14.98 ($3.00 / lb)</p><a href="https://www.amazon.com/dp/B09K8YYVWV?tag=eloabder-20&linkCode=osi&th=1&psc=1">View Product</a></div><div class="product"><a href="https://www.amazon.com/dp/B0000AH3QT?tag=eloabder-20&linkCode=osi&th=1&psc=1"><img src="https://m.media-amazon.com/images/I/41FXHOzdCWL._SL500_.jpg" alt="Product Image"></a><p>Purina ONE Chicken and Rice Formula Dry Dog Food - 8 lb. Bag</p><p> -9% 0FF </p><p>$16.28 ($2.04 / Pound)</p><a href="https://www.amazon.com/dp/B0000AH3QT?tag=eloabder-20&linkCode=osi&th=1&psc=1">View Product</a></div><div class="product"><a href="https://www.amazon.com/dp/B0000AH3QW?tag=eloabder-20&linkCode=osi&th=1&psc=1"><img src="https://m.media-amazon.com/images/I/41jXsOOPPtL._SL500_.jpg" alt="Product Image"></a><p>Purina ONE Dry Dog Food Lamb and Rice Formula - 8 lb. Bag</p><p> -9% 0FF </p><p>$16.28 ($2.04 / pound)</p><a href="https://www.amazon.com/dp/B0000AH3QW?tag=eloabder-20&linkCode=osi&th=1&psc=1">View Product</a></div><div class="product"><a href="https://www.amazon.com/dp/B09K9FDLFN?tag=eloabder-20&linkCode=osi&th=1&psc=1"><img src="https://m.media-amazon.com/images/I/41fn4P3zY0L._SL500_.jpg" alt="Product Image"></a><p>Blue Buffalo Life Protection Formula Natural Adult Small Breed Dry Dog Food, Chicken and Brown Rice 5-lb Trial Size Bag</p><p> -15% 0FF </p><p>$16.98 ($3.40 / lb)</p><a href="https://www.amazon.com/dp/B09K9FDLFN?tag=eloabder-20&linkCode=osi&th=1&psc=1">View Product</a></div><div class="product"><a href="https://www.amazon.com/dp/B008NHLZ2Y?tag=eloabder-20&linkCode=osi&th=1&psc=1"><img src="https://m.media-amazon.com/images/I/51OqxCyPKTL._SL500_.jpg" alt="Product Image"></a><p>Cesar Wet Dog Food Classic Loaf in Sauce Beef Recipe, Filet Mignon, Grilled Chicken and Porterhouse Steak Variety Pack, 3.5 oz. Easy Peel Trays (24 Count, Pack of 1)</p><p> -11% 0FF </p><p>$24.94 ($1.04 / Count)</p><a href="https://www.amazon.com/dp/B008NHLZ2Y?tag=eloabder-20&linkCode=osi&th=1&psc=1">View Product</a></div><div class="product"><a href="https://www.amazon.com/dp/B00DE7WKVS?tag=eloabder-20&linkCode=osi&th=1&psc=1"><img src="https://m.media-amazon.com/images/I/514-XqvXJJL._SL500_.jpg" alt="Product Image"></a><p>Purina ONE True Instinct With A Blend Of Real Turkey and Venison Dry Dog Food - 15 lb. Bag</p><p> -9% 0FF </p><p>$32.28 ($2.15 / Pound)</p><a href="https://www.amazon.com/dp/B00DE7WKVS?tag=eloabder-20&linkCode=osi&th=1&psc=1">View Product</a></div>
<div class="product"><a href="https://www.amazon.com/dp/B007JXVR76?tag=eloabder-20&linkCode=osi&th=1&psc=1"><img src="https://m.media-amazon.com/images/I/41XRcLETtGL._SL500_.jpg" alt="Product Image"></a><p>Meow Mix Original Choice Dry Cat Food, 6.3 Pound Bag</p><p> -6% 0FF </p><p>$9.29 ($1.47 / lb)</p><a href="https://www.amazon.com/dp/B007JXVR76?tag=eloabder-20&linkCode=osi&th=1&psc=1">View Product</a></div><div class="product"><a href="https://www.amazon.com/dp/B0D9MW74TG?tag=eloabder-20&linkCode=osi&th=1&psc=1"><img src="https://m.media-amazon.com/images/I/51CSHkalU1L._SL500_.jpg" alt="Product Image"></a><p>Meow Mix Gravy Bursts Dry Cat Food, Chicken, 3 LB Bag</p><p> -16% 0FF </p><p>$5.72 ($1.91 / lb)</p><a href="https://www.amazon.com/dp/B0D9MW74TG?tag=eloabder-20&linkCode=osi&th=1&psc=1">View Product</a></div><div class="product"><a href="https://www.amazon.com/dp/B01H3OA7KI?tag=eloabder-20&linkCode=osi&th=1&psc=1"><img src="https://m.media-amazon.com/images/I/51vds1pph5L._SL500_.jpg" alt="Product Image"></a><p>Purina Cat Chow Hairball, Healthy Weight, Indoor, Natural Dry Cat Food, Naturals Indoor - 13 lb. Bag</p><p> -6% 0FF </p><p>$16.99 ($1.31 / lb)</p><a href="https://www.amazon.com/dp/B01H3OA7KI?tag=eloabder-20&linkCode=osi&th=1&psc=1">View Product</a></div><div class="product"><a href="https://www.amazon.com/dp/B01BKYFR7K?tag=eloabder-20&linkCode=osi&th=1&psc=1"><img src="https://m.media-amazon.com/images/I/41GYcHtJdcL._SL500_.jpg" alt="Product Image"></a><p>IAMS Proactive Health Indoor Weight Control & Hairball Care Adult Dry Cat Food, Chicken & Turkey Recipe, 7 lb. Bag</p><p> -11% 0FF </p><p>$16.97 ($2.42 / lb)</p><a href="https://www.amazon.com/dp/B01BKYFR7K?tag=eloabder-20&linkCode=osi&th=1&psc=1">View Product</a></div>
<div class="product"><a href="https://www.amazon.com/dp/B003PMQMK2?tag=eloabder-20&linkCode=osi&th=1&psc=1"><img src="https://m.media-amazon.com/images/I/51rKBA3bcNL._SL500_.jpg" alt="Product Image"></a><p>Milk-Bone MaroSnacks Small Dog Treats With Bone Marrow, 40 Ounce Container</p><p> -21% 0FF </p><p>$11.48 ($4.59 / lb)</p><a href="https://www.amazon.com/dp/B003PMQMK2?tag=eloabder-20&linkCode=osi&th=1&psc=1">View Product</a></div><div class="product"><a href="https://www.amazon.com/dp/B07BVL8TQF?tag=eloabder-20&linkCode=osi&th=1&psc=1"><img src="https://m.media-amazon.com/images/I/41V12A43ClL._SL500_.jpg" alt="Product Image"></a><p>Good ‘n’ Fun Triple Flavor Kabobs Chews for All Dogs, 24 Ounces, Treat Your Dog to Chews Made from Beef Hide, Real Chicken, Pork Hide, Duck and Chicken Liver</p><p> -27% 0FF </p><p>$15.98 ($10.65 / lb)</p><a href="https://www.amazon.com/dp/B07BVL8TQF?tag=eloabder-20&linkCode=osi&th=1&psc=1">View Product</a></div><div class="product"><a href="https://www.amazon.com/dp/B006HKA6II?tag=eloabder-20&linkCode=osi&th=1&psc=1"><img src="https://m.media-amazon.com/images/I/41sdmNauoVL._SL500_.jpg" alt="Product Image"></a><p>Milk-Bone Soft & Chewy Dog Treats, Beef & Filet Mignon Recipe, 25 Ounce</p><p> -7% 0FF </p><p>$14.48 ($9.27 / lb)</p><a href="https://www.amazon.com/dp/B006HKA6II?tag=eloabder-20&linkCode=osi&th=1&psc=1">View Product</a></div><div class="product"><a href="https://www.amazon.com/dp/B006W6YHHI?tag=eloabder-20&linkCode=osi&th=1&psc=1"><img src="https://m.media-amazon.com/images/I/51VcU1tm-7L._SL500_.jpg" alt="Product Image"></a><p>Greenies Original Regular Dental Dog Treats, 36 oz. Pack (36 Treats)</p><p> -8% 0FF </p><p>$36.97 ($16.43 / lb)</p><a href="https://www.amazon.com/dp/B006W6YHHI?tag=eloabder-20&linkCode=osi&th=1&psc=1">View Product</a></div><div class="product"><a href="https://www.amazon.com/dp/B07D323MFZ?tag=eloabder-20&linkCode=osi&th=1&psc=1"><img src="https://m.media-amazon.com/images/I/41OTio6+siL._SL500_.jpg" alt="Product Image"></a><p>INABA Churu Cat Treats, Grain-Free, Lickable, Squeezable Creamy Purée Cat Treat/Topper with Vitamin E & Taurine, 0.5 Ounces Each Tube, 50 Tubes, Tuna & Chicken Variety</p><p> -18% 0FF </p><p>$32.96 ($1.32 / Ounce)</p><a href="https://www.amazon.com/dp/B07D323MFZ?tag=eloabder-20&linkCode=osi&th=1&psc=1">View Product</a></div><div class="product"><a href="https://www.amazon.com/dp/B09MZDFLSV?tag=eloabder-20&linkCode=osi&th=1&psc=1"><img src="https://m.media-amazon.com/images/I/51mXUxhYDiL._SL500_.jpg" alt="Product Image"></a><p>Full Moon All Natural Human Grade Dog Treats, Essential Beef Savory Sticks, 22 Ounce, 1.375 Pound (Pack of 1)</p><p> -10% 0FF </p><p>$17.94 ($13.05 / lb)</p><a href="https://www.amazon.com/dp/B09MZDFLSV?tag=eloabder-20&linkCode=osi&th=1&psc=1">View Product</a></div><div class="product"><a href="https://www.amazon.com/dp/B07BVLGZW6?tag=eloabder-20&linkCode=osi&th=1&psc=1"><img src="https://m.media-amazon.com/images/I/51g5KoU0RiL._SL500_.jpg" alt="Product Image"></a><p>Good ‘n’ Fun Triple Flavor Wings Chews for All Dogs, 12 Ounces, Treat Your Dog to Long-Lasting Chews Made with Chicken, Pork Hide and Beef Hide</p><p> -27% 0FF </p><p>$10.48 ($13.97 / lb)</p><a href="https://www.amazon.com/dp/B07BVLGZW6?tag=eloabder-20&linkCode=osi&th=1&psc=1">View Product</a></div>
<div class="product"><a href="https://www.amazon.com/dp/B01EX0H12M?tag=eloabder-20&linkCode=osi&th=1&psc=1"><img src="https://m.media-amazon.com/images/I/41tpUtk3FGL._SL500_.jpg" alt="Product Image"></a><p>Full Moon Chicken Jerky Healthy All Natural Dog Treats Human Grade Made in USA Grain Free, 1.5 Pound (Pack of 1)</p><p> -19% 0FF </p><p>$26.44 ($17.63 / lb)</p><a href="https://www.amazon.com/dp/B01EX0H12M?tag=eloabder-20&linkCode=osi&th=1&psc=1">View Product</a></div>
<div class="product"><a href="https://www.amazon.com/dp/B07BTRHM75?tag=eloabder-20&linkCode=osi&th=1&psc=1"><img src="https://m.media-amazon.com/images/I/51yN5sax9BL._SL500_.jpg" alt="Product Image"></a><p>Delectables Bisque Lickable Wet Cat Treats - Chicken, Tuna & Shrimp, 12 count</p><p> -9% 0FF </p><p>$12.94 ($0.77 / Ounce)</p><a href="https://www.amazon.com/dp/B07BTRHM75?tag=eloabder-20&linkCode=osi&th=1&psc=1">View Product</a></div><div class="product"><a href="https://www.amazon.com/dp/B00M0FK8UU?tag=eloabder-20&linkCode=osi&th=1&psc=1"><img src="https://m.media-amazon.com/images/I/517+RuVAECL._SL500_.jpg" alt="Product Image"></a><p>Temptations MixUps Surfer's Delight Flavor Crunchy and Soft Cat Treats, 16 oz. Tub</p><p> -8% 0FF </p><p>$7.80 ($0.49 / Ounce)</p><a href="https://www.amazon.com/dp/B00M0FK8UU?tag=eloabder-20&linkCode=osi&th=1&psc=1">View Product</a></div><div class="product"><a href="https://www.amazon.com/dp/B07KGXQ1WC?tag=eloabder-20&linkCode=osi&th=1&psc=1"><img src="https://m.media-amazon.com/images/I/51lx-r6UP1L._SL500_.jpg" alt="Product Image"></a><p>Temptations Classic Crunchy and Soft Cat Treats, Shrimpy Shrimp Flavor, 16 oz. Tub</p><p> -25% 0FF </p><p>$6.36 ($0.40 / Ounce)</p><a href="https://www.amazon.com/dp/B07KGXQ1WC?tag=eloabder-20&linkCode=osi&th=1&psc=1">View Product</a></div>
<div class="product"><a href="https://www.amazon.com/dp/B0BHN7K52L?tag=eloabder-20&linkCode=osi&th=1&psc=1"><img src="https://m.media-amazon.com/images/I/41VtkP72E7L._SL500_.jpg" alt="Product Image"></a><p>Dog Toys for Aggresive Chewers - Tough,Indestructible Dog Toys for Large, Medium,Small Breed to Keep Them Busy</p><p> -38% 0FF </p><p>$9.99</p><a href="https://www.amazon.com/dp/B0BHN7K52L?tag=eloabder-20&linkCode=osi&th=1&psc=1">View Product</a></div><div class="product"><a href="https://www.amazon.com/dp/B000F4AVPA?tag=eloabder-20&linkCode=osi&th=1&psc=1"><img src="https://m.media-amazon.com/images/I/31NKTw5DUeL._SL500_.jpg" alt="Product Image"></a><p>Chuckit! Ultra Ball Dog Toy - Medium Bouncy Fetch Balls For Dogs 20-60 lbs - Made from Durable Rubber - Floating Water Pet Toys - Size Medium - 2.5-inch Diameter - Pack of 2</p><p> -35% 0FF </p><p>$7.13</p><a href="https://www.amazon.com/dp/B000F4AVPA?tag=eloabder-20&linkCode=osi&th=1&psc=1">View Product</a></div><div class="product"><a href="https://www.amazon.com/dp/B0B1LVKG8D?tag=eloabder-20&linkCode=osi&th=1&psc=1"><img src="https://m.media-amazon.com/images/I/51bjl2slJTL._SL500_.jpg" alt="Product Image"></a><p>Fuufome Large Squeaky Dog Toys- Plush Dog Toys with Soft Fabric for Small, Medium, and Large Dogs Daily Companionship, Training Reward Gift</p><p> -41% 0FF </p><p>$9.49</p><a href="https://www.amazon.com/dp/B0B1LVKG8D?tag=eloabder-20&linkCode=osi&th=1&psc=1">View Product</a></div>

<div class="product"><a href="https://www.amazon.com/dp/B01AHM6P18?tag=eloabder-20&linkCode=osi&th=1&psc=1"><img src="https://m.media-amazon.com/images/I/51z5bUF-cpL._SL500_.jpg" alt="Product Image"></a><p>Fashion's Talk Cat Toys Variety Pack for Kitty 20 Pieces</p><p> -21% 0FF </p><p>$9.49</p><a href="https://www.amazon.com/dp/B01AHM6P18?tag=eloabder-20&linkCode=osi&th=1&psc=1">View Product</a></div><div class="product"><a href="https://www.amazon.com/dp/B0DG1X5KHM?tag=eloabder-20&linkCode=osi&th=1&psc=1"><img src="https://m.media-amazon.com/images/I/31YvLOoWZsL._SL500_.jpg" alt="Product Image"></a><p>Jkanti Interactive Cat Toys for Indoor Cats,The 3rd Generation Agile Moving Cat Ball with Elastic Mesh Tail,Automatic Kitten Toys for Bored Indoor Adult Cats,Motion Activated (Orange)</p><p> -10% 0FF </p><p>$17.99</p><a href="https://www.amazon.com/dp/B0DG1X5KHM?tag=eloabder-20&linkCode=osi&th=1&psc=1">View Product</a></div><div class="product"><a href="https://www.amazon.com/dp/B0D6W8B4FM?tag=eloabder-20&linkCode=osi&th=1&psc=1"><img src="https://m.media-amazon.com/images/I/31tkIoBZ3tL._SL500_.jpg" alt="Product Image"></a><p>TBTeek Cat Toys, USB Rechargeable Kitten Toy, 3 Light Modes & 5 Adjustable Patterns, Portable Interactive Pet Dog Cat Mouse Toy for Fun Chase Play Exercise</p><p> -13% 0FF </p><p>$6.97</p><a href="https://www.amazon.com/dp/B0D6W8B4FM?tag=eloabder-20&linkCode=osi&th=1&psc=1">View Product</a></div><div class="product"><a href="https://www.amazon.com/dp/B0CZ3YD1V6?tag=eloabder-20&linkCode=osi&th=1&psc=1"><img src="https://m.media-amazon.com/images/I/41nrT5-eUfL._SL500_.jpg" alt="Product Image"></a><p>Potaroma Cat Toys Chew Ropes 3Pcs with Refillable Natural Catnip, Safe Teeth Cleaning Toy for Indoor Kittens, Interactive Cat Nip Kitty Toys for All Breeds 19.5 Inches</p><p> -42% 0FF </p><p>$7.59</p><a href="https://www.amazon.com/dp/B0CZ3YD1V6?tag=eloabder-20&linkCode=osi&th=1&psc=1">View Product</a></div><div class="product"><a href="https://www.amazon.com/dp/B09WHBG4DV?tag=eloabder-20&linkCode=osi&th=1&psc=1"><img src="https://m.media-amazon.com/images/I/41eXntBWimL._SL500_.jpg" alt="Product Image"></a><p>Potaroma Cat Toys Pillows, 3 Pack, Soft and Durable Crinkle Sound with Catnip Inside, Interactive Indoor Kitten Kicker, Promotes Kitty Exercise</p><p> -38% 0FF </p><p>$9.98</p><a href="https://www.amazon.com/dp/B09WHBG4DV?tag=eloabder-20&linkCode=osi&th=1&psc=1">View Product</a></div>
<div class="product"><a href="https://www.amazon.com/dp/B08CXGYW1Q?tag=eloabder-20&linkCode=osi&th=1&psc=1"><img src="https://m.media-amazon.com/images/I/51TwJcM8A9L._SL500_.jpg" alt="Product Image"></a><p>Bedsure Calming Dog Bed Medium Size Dog - Donut Washable Medium Pet Bed, 30 inches Anti-Slip Round Fluffy Plush Faux Fur Cat Bed, Fits up to 45 lbs Pets, Camel</p><p> -7% 0FF </p><p>$39.99</p><a href="https://www.amazon.com/dp/B08CXGYW1Q?tag=eloabder-20&linkCode=osi&th=1&psc=1">View Product</a></div><div class="product"><a href="https://www.amazon.com/dp/B0DBYVR7LH?tag=eloabder-20&linkCode=osi&th=1&psc=1"><img src="https://m.media-amazon.com/images/I/51Mdi5roe1L._SL500_.jpg" alt="Product Image"></a><p>Hoewina Dog & Cat Bed for Indoor Cats, 20in Calming Donut Bed for Puppy and Kitten, Washable Round Fluffy Pet Bed for Small Medium Dogs and Cats (Light Grey)</p><p> -18% 0FF </p><p>$9.85</p><a href="https://www.amazon.com/dp/B0DBYVR7LH?tag=eloabder-20&linkCode=osi&th=1&psc=1">View Product</a></div><div class="product"><a href="https://www.amazon.com/dp/B0FBLRWFC1?tag=eloabder-20&linkCode=osi&th=1&psc=1"><img src="https://m.media-amazon.com/images/I/41qIhp9dq7L._SL500_.jpg" alt="Product Image"></a><p>Donut Dog Bed for Small Medium Dogs Cats, 18 inch Calming Washable-Round Cozy Soft Pet Bed for Puppy and Kitten with Slip-Resistant Bottom</p><p> -50% 0FF </p><p>$9.99</p><a href="https://www.amazon.com/dp/B0FBLRWFC1?tag=eloabder-20&linkCode=osi&th=1&psc=1">View Product</a></div><div class="product"><a href="https://www.amazon.com/dp/B000TZ73EW?tag=eloabder-20&linkCode=osi&th=1&psc=1"><img src="https://m.media-amazon.com/images/I/41PrtjgWzEL._SL500_.jpg" alt="Product Image"></a><p>MidWest Homes for Pets QuietTime XXS Dog Bed – Cinnamon Faux Fur Bolster, Ultra-Soft and Machine Washable, Fits 18-Inch Crates and Carriers, for Small Dogs and Cats</p><p> -13% 0FF </p><p>$11.33</p><a href="https://www.amazon.com/dp/B000TZ73EW?tag=eloabder-20&linkCode=osi&th=1&psc=1">View Product</a></div>

<div class="product"><a href="https://www.amazon.com/dp/B07MFYSKCL?tag=eloabder-20&linkCode=osi&th=1&psc=1"><img src="https://m.media-amazon.com/images/I/41WrfqDuWpL._SL500_.jpg" alt="Product Image"></a><p>Love's cabin Round Donut Cat and Dog Cushion Bed, 20in Bed for Cats or Small Dogs, Anti-Slip & Water-Resistant Bottom, Super Soft Durable Fabric Pet Beds, Washable Luxury Cat & Dog Bed Gray</p><p> -20% 0FF </p><p>$15.99</p><a href="https://www.amazon.com/dp/B07MFYSKCL?tag=eloabder-20&linkCode=osi&th=1&psc=1">View Product</a></div><div class="product"><a href="https://www.amazon.com/dp/B08CY5VR5W?tag=eloabder-20&linkCode=osi&th=1&psc=1"><img src="https://m.media-amazon.com/images/I/51Hp7ZTQiFL._SL500_.jpg" alt="Product Image"></a><p>Bedsure Cat Beds for Indoor Cats - Large Cat Cave for Pet Cat House with Fluffy Ball Hanging and Scratch Pad, Foldable Cat Hideaway, 16.5x16.5x13 inches, Grey</p><p> -20% 0FF </p><p>$23.99</p><a href="https://www.amazon.com/dp/B08CY5VR5W?tag=eloabder-20&linkCode=osi&th=1&psc=1">View Product</a></div><div class="product"><a href="https://www.amazon.com/dp/B06XF6VH2N?tag=eloabder-20&linkCode=osi&th=1&psc=1"><img src="https://m.media-amazon.com/images/I/41+7YS2mbWL._SL500_.jpg" alt="Product Image"></a><p>Furhaven ThermaNAP Self-Warming Cat Bed for Indoor Cats & Small Dogs, Washable & Reflects Body Heat - Quilted Faux Fur Reflective Bed Mat - Gray, Small</p><p> -8% 0FF </p><p>$11.99</p><a href="https://www.amazon.com/dp/B06XF6VH2N?tag=eloabder-20&linkCode=osi&th=1&psc=1">View Product</a></div><div class="product"><a href="https://www.amazon.com/dp/B0DDKRS437?tag=eloabder-20&linkCode=osi&th=1&psc=1"><img src="https://m.media-amazon.com/images/I/31eWtW2c9JL._SL500_.jpg" alt="Product Image"></a><p>BALANCE Cat Bed Kitten Bed, Washable Round Cat Beds for Indoor Cats, Super Soft Plush Faux Fur Pet Bed for Puppy and Kitten with Anti-Slip Bottom</p><p> -21% 0FF </p><p>$28.49</p><a href="https://www.amazon.com/dp/B0DDKRS437?tag=eloabder-20&linkCode=osi&th=1&psc=1">View Product</a></div>
<div class="product"><a href="https://www.amazon.com/dp/B0BFG9Z2P9?tag=eloabder-20&linkCode=osi&th=1&psc=1"><img src="https://m.media-amazon.com/images/I/418f7l64RZL._SL500_.jpg" alt="Product Image"></a><p>Tomkas Small Dog Sling Carrier - Classic Pocket & Classic Strap - for 3-10 lbs Pets(Black)</p><p> -5% 0FF </p><p>$13.29</p><a href="https://www.amazon.com/dp/B0BFG9Z2P9?tag=eloabder-20&linkCode=osi&th=1&psc=1">View Product</a></div>
<div class="product"><a href="https://www.amazon.com/dp/B0CTF8S82M?tag=eloabder-20&linkCode=osi&th=1&psc=1"><img src="https://m.media-amazon.com/images/I/31iR7d1zNSL._SL500_.jpg" alt="Product Image"></a><p>Dog Carrier Sling - Reversible Puppy Carrier Purse with Storage Pocket, Hand-Free Dog Sling Carrier for Carry Small Dogs and Cats, Travel Safety Harness, Dog and Cat Harness(Black)</p><p> -17% 0FF </p><p>$9.99</p><a href="https://www.amazon.com/dp/B0CTF8S82M?tag=eloabder-20&linkCode=osi&th=1&psc=1">View Product</a></div><div class="product"><a href="https://www.amazon.com/dp/B09MJ131L5?tag=eloabder-20&linkCode=osi&th=1&psc=1"><img src="https://m.media-amazon.com/images/I/51vCG0gYKFL._SL500_.jpg" alt="Product Image"></a><p>GAPZER Pet Carrier for Large Cats, Soft-Sided Cat Carrier for Medium Big Cats and Puppy up to 20lbs, Washable Dog Carrier Privacy Protection for Home Outdoor Travel</p><p> -25% 0FF </p><p>$29.99</p><a href="https://www.amazon.com/dp/B09MJ131L5?tag=eloabder-20&linkCode=osi&th=1&psc=1">View Product</a></div><div class="product"><a href="https://www.amazon.com/dp/B0CGB1SRGH?tag=eloabder-20&linkCode=osi&th=1&psc=1"><img src="https://m.media-amazon.com/images/I/51x07O9JhRL._SL500_.jpg" alt="Product Image"></a><p>Soft Sided Cat/Dog Carrier,Collapsible Pets Travel Carriers for Pet/Puppy with Shoulder Strap & Removable Mat,Mesh Top Load Small Dogs/Cats Carry Bag Up to 17 Lbs TSA Airline Approved（Black,M）</p><p> -15% 0FF </p><p>$17.77 ($17.77 / Count)</p><a href="https://www.amazon.com/dp/B0CGB1SRGH?tag=eloabder-20&linkCode=osi&th=1&psc=1">View Product</a></div>

<div class="product"><a href="https://www.amazon.com/dp/B0BHYZV3HY?tag=eloabder-20&linkCode=osi&th=1&psc=1"><img src="https://m.media-amazon.com/images/I/51GsL7XYrvL._SL500_.jpg" alt="Product Image"></a><p>oneisall Dog Grooming Vacuum, Pet Grooming Vacuum with Clipper Nail Grinder, 1.5L Dust Cup Dog deshedding Vacuum Brush with 7 Pet Grooming Tools for Shedding Pet Hair, Home Cleaning(Blue)</p><p> -9% 0FF </p><p>$99.99</p><a href="https://www.amazon.com/dp/B0BHYZV3HY?tag=eloabder-20&linkCode=osi&th=1&psc=1">View Product</a></div><div class="product"><a href="https://www.amazon.com/dp/B01330IKAA?tag=eloabder-20&linkCode=osi&th=1&psc=1"><img src="https://m.media-amazon.com/images/I/31tp596fu2L._SL500_.jpg" alt="Product Image"></a><p>BioSilk for Dogs Silk Therapy Detangling Plus Shine Mist for Dogs | Best Detangling Spray for All Dogs & Puppies for Shiny Coats and Dematting | 8 Oz Bottle (Packaging May Vary)</p><p> -11% 0FF </p><p>$8.92</p><a href="https://www.amazon.com/dp/B01330IKAA?tag=eloabder-20&linkCode=osi&th=1&psc=1">View Product</a></div><div class="product"><a href="https://www.amazon.com/dp/B00VC8DQX2?tag=eloabder-20&linkCode=osi&th=1&psc=1"><img src="https://m.media-amazon.com/images/I/41o8MrUqR1L._SL500_.jpg" alt="Product Image"></a><p>SleekEZ Dog Brush for Shedding & Dog Grooming Supplies | Pet Hair Removal Tool | Great For All Fur Types | For Short, Medium, & Long Hair Pets | Reduces Shedding by 95% | Made in USA | 1 pack | 5 inch</p><p> -15% 0FF </p><p>$19.97</p><a href="https://www.amazon.com/dp/B00VC8DQX2?tag=eloabder-20&linkCode=osi&th=1&psc=1">View Product</a></div><div class="product"><a href="https://www.amazon.com/dp/B0002H3RBU?tag=eloabder-20&linkCode=osi&th=1&psc=1"><img src="https://m.media-amazon.com/images/I/41G42uu7qBL._SL500_.jpg" alt="Product Image"></a><p>Miracle Care Kwik Stop Styptic Powder For Dogs, Cats and Birds, 0.5 Ounce, Fast Acting Blood Stop Powder with Pain Relieving Benzocaine</p><p> -5% 0FF </p><p>$9.99</p><a href="https://www.amazon.com/dp/B0002H3RBU?tag=eloabder-20&linkCode=osi&th=1&psc=1">View Product</a></div><div class="product"><a href="https://www.amazon.com/dp/B0CNZB3L28?tag=eloabder-20&linkCode=osi&th=1&psc=1"><img src="https://m.media-amazon.com/images/I/41XWOVhEWmL._SL500_.jpg" alt="Product Image"></a><p>MEDUWEDU Ear Cleaner Finger Wipes 60 Counts, Dog Ear Cleaner, Grooming Kit Care for Dogs and Cats, Soft & Easy Otic Cleaning Pads, Remove Wax, Dirt & Stop Smelly, Itchy, Non-Irritating, Coconut Scent</p><p> -13% 0FF </p><p>$6.97</p><a href="https://www.amazon.com/dp/B0CNZB3L28?tag=eloabder-20&linkCode=osi&th=1&psc=1">View Product</a></div><div class="product"><a href="https://www.amazon.com/dp/B01HRSZRXM?tag=eloabder-20&linkCode=osi&th=1&psc=1"><img src="https://m.media-amazon.com/images/I/51jzCKDndHL._SL500_.jpg" alt="Product Image"></a><p>oneisall Dog Clipper Low Noise, Dog Grooming Kit with Rechargeable, Pet Shaver Cordless Electric Quiet Hair Clipper Set for Dogs Cats Pets（Gold）</p><p> -25% 0FF </p><p>$29.99</p><a href="https://www.amazon.com/dp/B01HRSZRXM?tag=eloabder-20&linkCode=osi&th=1&psc=1">View Product</a></div>

<div class="product"><a href="https://www.amazon.com/dp/B0FJ2NPL47?tag=eloabder-20&linkCode=osi&th=1&psc=1"><img src="https://m.media-amazon.com/images/I/51TDSHRvQDL._SL500_.jpg" alt="Product Image"></a><p>Pet Hair Removal Glove for Dogs & Cats, Newly Upgraded Reusable Electrostatic Pet Hair Gloves, Pet Hair Remover Tool for Clothing, Couch, Carpet, Car Seat</p><p> -15% 0FF </p><p>$16.99</p><a href="https://www.amazon.com/dp/B0FJ2NPL47?tag=eloabder-20&linkCode=osi&th=1&psc=1">View Product</a></div><div class="product"><a href="https://www.amazon.com/dp/B0DMWBS87F?tag=eloabder-20&linkCode=osi&th=1&psc=1"><img src="https://m.media-amazon.com/images/I/51Q8Cx4sNWL._SL500_.jpg" alt="Product Image"></a><p>Paw Science Dog Eye Wipes - Hypoallergenic Eye & Face Wipes for Dogs, Cats, & Puppy - Pet Tear Stain Remover & Cleaner - Gently Cleans & Removes Discharge, Crust, & Gunk (Coconut)</p><p> -36% 0FF </p><p>$8.99 ($0.09 / Count)</p><a href="https://www.amazon.com/dp/B0DMWBS87F?tag=eloabder-20&linkCode=osi&th=1&psc=1">View Product</a></div><div class="product"><a href="https://www.amazon.com/dp/B0FH6PZ6RZ?tag=eloabder-20&linkCode=osi&th=1&psc=1"><img src="https://m.media-amazon.com/images/I/414hJ-w970L._SL500_.jpg" alt="Product Image"></a><p>Dog Nail Grinder with 2 LED Lights Powerful 2 Speeds Super Quiet Dog Nail Trimmers with 3 Grinding Wheels Rechargeable Pet Dog Nail Clippers for Large Medium Puppy Dogs Nail File Cat Nail Clipper Blue</p><p> -5% 0FF </p><p>$18.99</p><a href="https://www.amazon.com/dp/B0FH6PZ6RZ?tag=eloabder-20&linkCode=osi&th=1&psc=1">View Product</a></div><div class="product"><a href="https://www.amazon.com/dp/B0FD9MGDKV?tag=eloabder-20&linkCode=osi&th=1&psc=1"><img src="https://m.media-amazon.com/images/I/51XGj6QgMcL._SL500_.jpg" alt="Product Image"></a><p>Pet Hair Removal Glove for Cats & Dogs, Upgraded Five-Finger Electrostatic Pet Hair Gloves, Reusable Magic Brush Pet Hair Remover Tool for Laundry, Couch, Carpet, Car Seat</p><p> -19% 0FF </p><p>$16.17</p><a href="https://www.amazon.com/dp/B0FD9MGDKV?tag=eloabder-20&linkCode=osi&th=1&psc=1">View Product</a></div>
<div class="product"><a href="https://www.amazon.com/dp/B09K8YYVWV?tag=eloabder-20&linkCode=osi&th=1&psc=1"><img src="https://m.media-amazon.com/images/I/4123dxF1ijL._SL500_.jpg" alt="Product Image"></a><p>Blue Buffalo Life Protection Formula Natural Adult Dry Dog Food, Chicken and Brown Rice 5-lb Trial Size Bag</p><p> -17% 0FF </p><p>$14.98 ($3.00 / lb)</p><a href="https://www.amazon.com/dp/B09K8YYVWV?tag=eloabder-20&linkCode=osi&th=1&psc=1">View Product</a></div><div class="product"><a href="https://www.amazon.com/dp/B0000AH3QT?tag=eloabder-20&linkCode=osi&th=1&psc=1"><img src="https://m.media-amazon.com/images/I/41FXHOzdCWL._SL500_.jpg" alt="Product Image"></a><p>Purina ONE Chicken and Rice Formula Dry Dog Food - 8 lb. Bag</p><p> -9% 0FF </p><p>$16.28 ($2.04 / Pound)</p><a href="https://www.amazon.com/dp/B0000AH3QT?tag=eloabder-20&linkCode=osi&th=1&psc=1">View Product</a></div><div class="product"><a href="https://www.amazon.com/dp/B0000AH3QW?tag=eloabder-20&linkCode=osi&th=1&psc=1"><img src="https://m.media-amazon.com/images/I/41jXsOOPPtL._SL500_.jpg" alt="Product Image"></a><p>Purina ONE Dry Dog Food Lamb and Rice Formula - 8 lb. Bag</p><p> -9% 0FF </p><p>$16.28 ($2.04 / pound)</p><a href="https://www.amazon.com/dp/B0000AH3QW?tag=eloabder-20&linkCode=osi&th=1&psc=1">View Product</a></div><div class="product"><a href="https://www.amazon.com/dp/B09K9FDLFN?tag=eloabder-20&linkCode=osi&th=1&psc=1"><img src="https://m.media-amazon.com/images/I/41fn4P3zY0L._SL500_.jpg" alt="Product Image"></a><p>Blue Buffalo Life Protection Formula Natural Adult Small Breed Dry Dog Food, Chicken and Brown Rice 5-lb Trial Size Bag</p><p> -15% 0FF </p><p>$16.98 ($3.40 / lb)</p><a href="https://www.amazon.com/dp/B09K9FDLFN?tag=eloabder-20&linkCode=osi&th=1&psc=1">View Product</a></div><div class="product"><a href="https://www.amazon.com/dp/B008NHLZ2Y?tag=eloabder-20&linkCode=osi&th=1&psc=1"><img src="https://m.media-amazon.com/images/I/51OqxCyPKTL._SL500_.jpg" alt="Product Image"></a><p>Cesar Wet Dog Food Classic Loaf in Sauce Beef Recipe, Filet Mignon, Grilled Chicken and Porterhouse Steak Variety Pack, 3.5 oz. Easy Peel Trays (24 Count, Pack of 1)</p><p> -11% 0FF </p><p>$24.94 ($1.04 / Count)</p><a href="https://www.amazon.com/dp/B008NHLZ2Y?tag=eloabder-20&linkCode=osi&th=1&psc=1">View Product</a></div><div class="product"><a href="https://www.amazon.com/dp/B00DE7WKVS?tag=eloabder-20&linkCode=osi&th=1&psc=1"><img src="https://m.media-amazon.com/images/I/514-XqvXJJL._SL500_.jpg" alt="Product Image"></a><p>Purina ONE True Instinct With A Blend Of Real Turkey and Venison Dry Dog Food - 15 lb. Bag</p><p> -9% 0FF </p><p>$32.28 ($2.15 / Pound)</p><a href="https://www.amazon.com/dp/B00DE7WKVS?tag=eloabder-20&linkCode=osi&th=1&psc=1">View Product</a></div>
<div class="product"><a href="https://www.amazon.com/dp/B007JXVR76?tag=eloabder-20&linkCode=osi&th=1&psc=1"><img src="https://m.media-amazon.com/images/I/41XRcLETtGL._SL500_.jpg" alt="Product Image"></a><p>Meow Mix Original Choice Dry Cat Food, 6.3 Pound Bag</p><p> -6% 0FF </p><p>$9.29 ($1.47 / lb)</p><a href="https://www.amazon.com/dp/B007JXVR76?tag=eloabder-20&linkCode=osi&th=1&psc=1">View Product</a></div><div class="product"><a href="https://www.amazon.com/dp/B0D9MW74TG?tag=eloabder-20&linkCode=osi&th=1&psc=1"><img src="https://m.media-amazon.com/images/I/51CSHkalU1L._SL500_.jpg" alt="Product Image"></a><p>Meow Mix Gravy Bursts Dry Cat Food, Chicken, 3 LB Bag</p><p> -16% 0FF </p><p>$5.72 ($1.91 / lb)</p><a href="https://www.amazon.com/dp/B0D9MW74TG?tag=eloabder-20&linkCode=osi&th=1&psc=1">View Product</a></div><div class="product"><a href="https://www.amazon.com/dp/B01H3OA7KI?tag=eloabder-20&linkCode=osi&th=1&psc=1"><img src="https://m.media-amazon.com/images/I/51vds1pph5L._SL500_.jpg" alt="Product Image"></a><p>Purina Cat Chow Hairball, Healthy Weight, Indoor, Natural Dry Cat Food, Naturals Indoor - 13 lb. Bag</p><p> -6% 0FF </p><p>$16.99 ($1.31 / lb)</p><a href="https://www.amazon.com/dp/B01H3OA7KI?tag=eloabder-20&linkCode=osi&th=1&psc=1">View Product</a></div><div class="product"><a href="https://www.amazon.com/dp/B01BKYFR7K?tag=eloabder-20&linkCode=osi&th=1&psc=1"><img src="https://m.media-amazon.com/images/I/41GYcHtJdcL._SL500_.jpg" alt="Product Image"></a><p>IAMS Proactive Health Indoor Weight Control & Hairball Care Adult Dry Cat Food, Chicken & Turkey Recipe, 7 lb. Bag</p><p> -11% 0FF </p><p>$16.97 ($2.42 / lb)</p><a href="https://www.amazon.com/dp/B01BKYFR7K?tag=eloabder-20&linkCode=osi&th=1&psc=1">View Product</a></div>
<div class="product"><a href="https://www.amazon.com/dp/B003PMQMK2?tag=eloabder-20&linkCode=osi&th=1&psc=1"><img src="https://m.media-amazon.com/images/I/51rKBA3bcNL._SL500_.jpg" alt="Product Image"></a><p>Milk-Bone MaroSnacks Small Dog Treats With Bone Marrow, 40 Ounce Container</p><p> -21% 0FF </p><p>$11.48 ($4.59 / lb)</p><a href="https://www.amazon.com/dp/B003PMQMK2?tag=eloabder-20&linkCode=osi&th=1&psc=1">View Product</a></div><div class="product"><a href="https://www.amazon.com/dp/B07BVL8TQF?tag=eloabder-20&linkCode=osi&th=1&psc=1"><img src="https://m.media-amazon.com/images/I/41V12A43ClL._SL500_.jpg" alt="Product Image"></a><p>Good ‘n’ Fun Triple Flavor Kabobs Chews for All Dogs, 24 Ounces, Treat Your Dog to Chews Made from Beef Hide, Real Chicken, Pork Hide, Duck and Chicken Liver</p><p> -27% 0FF </p><p>$15.98 ($10.65 / lb)</p><a href="https://www.amazon.com/dp/B07BVL8TQF?tag=eloabder-20&linkCode=osi&th=1&psc=1">View Product</a></div><div class="product"><a href="https://www.amazon.com/dp/B006HKA6II?tag=eloabder-20&linkCode=osi&th=1&psc=1"><img src="https://m.media-amazon.com/images/I/41sdmNauoVL._SL500_.jpg" alt="Product Image"></a><p>Milk-Bone Soft & Chewy Dog Treats, Beef & Filet Mignon Recipe, 25 Ounce</p><p> -7% 0FF </p><p>$14.48 ($9.27 / lb)</p><a href="https://www.amazon.com/dp/B006HKA6II?tag=eloabder-20&linkCode=osi&th=1&psc=1">View Product</a></div><div class="product"><a href="https://www.amazon.com/dp/B006W6YHHI?tag=eloabder-20&linkCode=osi&th=1&psc=1"><img src="https://m.media-amazon.com/images/I/51VcU1tm-7L._SL500_.jpg" alt="Product Image"></a><p>Greenies Original Regular Dental Dog Treats, 36 oz. Pack (36 Treats)</p><p> -8% 0FF </p><p>$36.97 ($16.43 / lb)</p><a href="https://www.amazon.com/dp/B006W6YHHI?tag=eloabder-20&linkCode=osi&th=1&psc=1">View Product</a></div><div class="product"><a href="https://www.amazon.com/dp/B07D323MFZ?tag=eloabder-20&linkCode=osi&th=1&psc=1"><img src="https://m.media-amazon.com/images/I/41OTio6+siL._SL500_.jpg" alt="Product Image"></a><p>INABA Churu Cat Treats, Grain-Free, Lickable, Squeezable Creamy Purée Cat Treat/Topper with Vitamin E & Taurine, 0.5 Ounces Each Tube, 50 Tubes, Tuna & Chicken Variety</p><p> -18% 0FF </p><p>$32.96 ($1.32 / Ounce)</p><a href="https://www.amazon.com/dp/B07D323MFZ?tag=eloabder-20&linkCode=osi&th=1&psc=1">View Product</a></div><div class="product"><a href="https://www.amazon.com/dp/B09MZDFLSV?tag=eloabder-20&linkCode=osi&th=1&psc=1"><img src="https://m.media-amazon.com/images/I/51mXUxhYDiL._SL500_.jpg" alt="Product Image"></a><p>Full Moon All Natural Human Grade Dog Treats, Essential Beef Savory Sticks, 22 Ounce, 1.375 Pound (Pack of 1)</p><p> -10% 0FF </p><p>$17.94 ($13.05 / lb)</p><a href="https://www.amazon.com/dp/B09MZDFLSV?tag=eloabder-20&linkCode=osi&th=1&psc=1">View Product</a></div><div class="product"><a href="https://www.amazon.com/dp/B07BVLGZW6?tag=eloabder-20&linkCode=osi&th=1&psc=1"><img src="https://m.media-amazon.com/images/I/51g5KoU0RiL._SL500_.jpg" alt="Product Image"></a><p>Good ‘n’ Fun Triple Flavor Wings Chews for All Dogs, 12 Ounces, Treat Your Dog to Long-Lasting Chews Made with Chicken, Pork Hide and Beef Hide</p><p> -27% 0FF </p><p>$10.48 ($13.97 / lb)</p><a href="https://www.amazon.com/dp/B07BVLGZW6?tag=eloabder-20&linkCode=osi&th=1&psc=1">View Product</a></div>
<div class="product"><a href="https://www.amazon.com/dp/B01EX0H12M?tag=eloabder-20&linkCode=osi&th=1&psc=1"><img src="https://m.media-amazon.com/images/I/41tpUtk3FGL._SL500_.jpg" alt="Product Image"></a><p>Full Moon Chicken Jerky Healthy All Natural Dog Treats Human Grade Made in USA Grain Free, 1.5 Pound (Pack of 1)</p><p> -19% 0FF </p><p>$26.44 ($17.63 / lb)</p><a href="https://www.amazon.com/dp/B01EX0H12M?tag=eloabder-20&linkCode=osi&th=1&psc=1">View Product</a></div>
<div class="product"><a href="https://www.amazon.com/dp/B07BTRHM75?tag=eloabder-20&linkCode=osi&th=1&psc=1"><img src="https://m.media-amazon.com/images/I/51yN5sax9BL._SL500_.jpg" alt="Product Image"></a><p>Delectables Bisque Lickable Wet Cat Treats - Chicken, Tuna & Shrimp, 12 count</p><p> -9% 0FF </p><p>$12.94 ($0.77 / Ounce)</p><a href="https://www.amazon.com/dp/B07BTRHM75?tag=eloabder-20&linkCode=osi&th=1&psc=1">View Product</a></div><div class="product"><a href="https://www.amazon.com/dp/B00M0FK8UU?tag=eloabder-20&linkCode=osi&th=1&psc=1"><img src="https://m.media-amazon.com/images/I/517+RuVAECL._SL500_.jpg" alt="Product Image"></a><p>Temptations MixUps Surfer's Delight Flavor Crunchy and Soft Cat Treats, 16 oz. Tub</p><p> -8% 0FF </p><p>$7.80 ($0.49 / Ounce)</p><a href="https://www.amazon.com/dp/B00M0FK8UU?tag=eloabder-20&linkCode=osi&th=1&psc=1">View Product</a></div><div class="product"><a href="https://www.amazon.com/dp/B07KGXQ1WC?tag=eloabder-20&linkCode=osi&th=1&psc=1"><img src="https://m.media-amazon.com/images/I/51lx-r6UP1L._SL500_.jpg" alt="Product Image"></a><p>Temptations Classic Crunchy and Soft Cat Treats, Shrimpy Shrimp Flavor, 16 oz. Tub</p><p> -25% 0FF </p><p>$6.36 ($0.40 / Ounce)</p><a href="https://www.amazon.com/dp/B07KGXQ1WC?tag=eloabder-20&linkCode=osi&th=1&psc=1">View Product</a></div>
<div class="product"><a href="https://www.amazon.com/dp/B0BHN7K52L?tag=eloabder-20&linkCode=osi&th=1&psc=1"><img src="https://m.media-amazon.com/images/I/41VtkP72E7L._SL500_.jpg" alt="Product Image"></a><p>Dog Toys for Aggresive Chewers - Tough,Indestructible Dog Toys for Large, Medium,Small Breed to Keep Them Busy</p><p> -38% 0FF </p><p>$9.99</p><a href="https://www.amazon.com/dp/B0BHN7K52L?tag=eloabder-20&linkCode=osi&th=1&psc=1">View Product</a></div><div class="product"><a href="https://www.amazon.com/dp/B000F4AVPA?tag=eloabder-20&linkCode=osi&th=1&psc=1"><img src="https://m.media-amazon.com/images/I/31NKTw5DUeL._SL500_.jpg" alt="Product Image"></a><p>Chuckit! Ultra Ball Dog Toy - Medium Bouncy Fetch Balls For Dogs 20-60 lbs - Made from Durable Rubber - Floating Water Pet Toys - Size Medium - 2.5-inch Diameter - Pack of 2</p><p> -35% 0FF </p><p>$7.13</p><a href="https://www.amazon.com/dp/B000F4AVPA?tag=eloabder-20&linkCode=osi&th=1&psc=1">View Product</a></div><div class="product"><a href="https://www.amazon.com/dp/B0B1LVKG8D?tag=eloabder-20&linkCode=osi&th=1&psc=1"><img src="https://m.media-amazon.com/images/I/51bjl2slJTL._SL500_.jpg" alt="Product Image"></a><p>Fuufome Large Squeaky Dog Toys- Plush Dog Toys with Soft Fabric for Small, Medium, and Large Dogs Daily Companionship, Training Reward Gift</p><p> -41% 0FF </p><p>$9.49</p><a href="https://www.amazon.com/dp/B0B1LVKG8D?tag=eloabder-20&linkCode=osi&th=1&psc=1">View Product</a></div>

<div class="product"><a href="https://www.amazon.com/dp/B01AHM6P18?tag=eloabder-20&linkCode=osi&th=1&psc=1"><img src="https://m.media-amazon.com/images/I/51z5bUF-cpL._SL500_.jpg" alt="Product Image"></a><p>Fashion's Talk Cat Toys Variety Pack for Kitty 20 Pieces</p><p> -21% 0FF </p><p>$9.49</p><a href="https://www.amazon.com/dp/B01AHM6P18?tag=eloabder-20&linkCode=osi&th=1&psc=1">View Product</a></div><div class="product"><a href="https://www.amazon.com/dp/B0DG1X5KHM?tag=eloabder-20&linkCode=osi&th=1&psc=1"><img src="https://m.media-amazon.com/images/I/31YvLOoWZsL._SL500_.jpg" alt="Product Image"></a><p>Jkanti Interactive Cat Toys for Indoor Cats,The 3rd Generation Agile Moving Cat Ball with Elastic Mesh Tail,Automatic Kitten Toys for Bored Indoor Adult Cats,Motion Activated (Orange)</p><p> -10% 0FF </p><p>$17.99</p><a href="https://www.amazon.com/dp/B0DG1X5KHM?tag=eloabder-20&linkCode=osi&th=1&psc=1">View Product</a></div><div class="product"><a href="https://www.amazon.com/dp/B0D6W8B4FM?tag=eloabder-20&linkCode=osi&th=1&psc=1"><img src="https://m.media-amazon.com/images/I/31tkIoBZ3tL._SL500_.jpg" alt="Product Image"></a><p>TBTeek Cat Toys, USB Rechargeable Kitten Toy, 3 Light Modes & 5 Adjustable Patterns, Portable Interactive Pet Dog Cat Mouse Toy for Fun Chase Play Exercise</p><p> -13% 0FF </p><p>$6.97</p><a href="https://www.amazon.com/dp/B0D6W8B4FM?tag=eloabder-20&linkCode=osi&th=1&psc=1">View Product</a></div><div class="product"><a href="https://www.amazon.com/dp/B0CZ3YD1V6?tag=eloabder-20&linkCode=osi&th=1&psc=1"><img src="https://m.media-amazon.com/images/I/41nrT5-eUfL._SL500_.jpg" alt="Product Image"></a><p>Potaroma Cat Toys Chew Ropes 3Pcs with Refillable Natural Catnip, Safe Teeth Cleaning Toy for Indoor Kittens, Interactive Cat Nip Kitty Toys for All Breeds 19.5 Inches</p><p> -42% 0FF </p><p>$7.59</p><a href="https://www.amazon.com/dp/B0CZ3YD1V6?tag=eloabder-20&linkCode=osi&th=1&psc=1">View Product</a></div><div class="product"><a href="https://www.amazon.com/dp/B09WHBG4DV?tag=eloabder-20&linkCode=osi&th=1&psc=1"><img src="https://m.media-amazon.com/images/I/41eXntBWimL._SL500_.jpg" alt="Product Image"></a><p>Potaroma Cat Toys Pillows, 3 Pack, Soft and Durable Crinkle Sound with Catnip Inside, Interactive Indoor Kitten Kicker, Promotes Kitty Exercise</p><p> -38% 0FF </p><p>$9.98</p><a href="https://www.amazon.com/dp/B09WHBG4DV?tag=eloabder-20&linkCode=osi&th=1&psc=1">View Product</a></div>
<div class="product"><a href="https://www.amazon.com/dp/B08CXGYW1Q?tag=eloabder-20&linkCode=osi&th=1&psc=1"><img src="https://m.media-amazon.com/images/I/51TwJcM8A9L._SL500_.jpg" alt="Product Image"></a><p>Bedsure Calming Dog Bed Medium Size Dog - Donut Washable Medium Pet Bed, 30 inches Anti-Slip Round Fluffy Plush Faux Fur Cat Bed, Fits up to 45 lbs Pets, Camel</p><p> -7% 0FF </p><p>$39.99</p><a href="https://www.amazon.com/dp/B08CXGYW1Q?tag=eloabder-20&linkCode=osi&th=1&psc=1">View Product</a></div><div class="product"><a href="https://www.amazon.com/dp/B0DBYVR7LH?tag=eloabder-20&linkCode=osi&th=1&psc=1"><img src="https://m.media-amazon.com/images/I/51Mdi5roe1L._SL500_.jpg" alt="Product Image"></a><p>Hoewina Dog & Cat Bed for Indoor Cats, 20in Calming Donut Bed for Puppy and Kitten, Washable Round Fluffy Pet Bed for Small Medium Dogs and Cats (Light Grey)</p><p> -18% 0FF </p><p>$9.85</p><a href="https://www.amazon.com/dp/B0DBYVR7LH?tag=eloabder-20&linkCode=osi&th=1&psc=1">View Product</a></div><div class="product"><a href="https://www.amazon.com/dp/B0FBLRWFC1?tag=eloabder-20&linkCode=osi&th=1&psc=1"><img src="https://m.media-amazon.com/images/I/41qIhp9dq7L._SL500_.jpg" alt="Product Image"></a><p>Donut Dog Bed for Small Medium Dogs Cats, 18 inch Calming Washable-Round Cozy Soft Pet Bed for Puppy and Kitten with Slip-Resistant Bottom</p><p> -50% 0FF </p><p>$9.99</p><a href="https://www.amazon.com/dp/B0FBLRWFC1?tag=eloabder-20&linkCode=osi&th=1&psc=1">View Product</a></div><div class="product"><a href="https://www.amazon.com/dp/B000TZ73EW?tag=eloabder-20&linkCode=osi&th=1&psc=1"><img src="https://m.media-amazon.com/images/I/41PrtjgWzEL._SL500_.jpg" alt="Product Image"></a><p>MidWest Homes for Pets QuietTime XXS Dog Bed – Cinnamon Faux Fur Bolster, Ultra-Soft and Machine Washable, Fits 18-Inch Crates and Carriers, for Small Dogs and Cats</p><p> -13% 0FF </p><p>$11.33</p><a href="https://www.amazon.com/dp/B000TZ73EW?tag=eloabder-20&linkCode=osi&th=1&psc=1">View Product</a></div>

<div class="product"><a href="https://www.amazon.com/dp/B07MFYSKCL?tag=eloabder-20&linkCode=osi&th=1&psc=1"><img src="https://m.media-amazon.com/images/I/41WrfqDuWpL._SL500_.jpg" alt="Product Image"></a><p>Love's cabin Round Donut Cat and Dog Cushion Bed, 20in Bed for Cats or Small Dogs, Anti-Slip & Water-Resistant Bottom, Super Soft Durable Fabric Pet Beds, Washable Luxury Cat & Dog Bed Gray</p><p> -20% 0FF </p><p>$15.99</p><a href="https://www.amazon.com/dp/B07MFYSKCL?tag=eloabder-20&linkCode=osi&th=1&psc=1">View Product</a></div><div class="product"><a href="https://www.amazon.com/dp/B08CY5VR5W?tag=eloabder-20&linkCode=osi&th=1&psc=1"><img src="https://m.media-amazon.com/images/I/51Hp7ZTQiFL._SL500_.jpg" alt="Product Image"></a><p>Bedsure Cat Beds for Indoor Cats - Large Cat Cave for Pet Cat House with Fluffy Ball Hanging and Scratch Pad, Foldable Cat Hideaway, 16.5x16.5x13 inches, Grey</p><p> -20% 0FF </p><p>$23.99</p><a href="https://www.amazon.com/dp/B08CY5VR5W?tag=eloabder-20&linkCode=osi&th=1&psc=1">View Product</a></div><div class="product"><a href="https://www.amazon.com/dp/B06XF6VH2N?tag=eloabder-20&linkCode=osi&th=1&psc=1"><img src="https://m.media-amazon.com/images/I/41+7YS2mbWL._SL500_.jpg" alt="Product Image"></a><p>Furhaven ThermaNAP Self-Warming Cat Bed for Indoor Cats & Small Dogs, Washable & Reflects Body Heat - Quilted Faux Fur Reflective Bed Mat - Gray, Small</p><p> -8% 0FF </p><p>$11.99</p><a href="https://www.amazon.com/dp/B06XF6VH2N?tag=eloabder-20&linkCode=osi&th=1&psc=1">View Product</a></div><div class="product"><a href="https://www.amazon.com/dp/B0DDKRS437?tag=eloabder-20&linkCode=osi&th=1&psc=1"><img src="https://m.media-amazon.com/images/I/31eWtW2c9JL._SL500_.jpg" alt="Product Image"></a><p>BALANCE Cat Bed Kitten Bed, Washable Round Cat Beds for Indoor Cats, Super Soft Plush Faux Fur Pet Bed for Puppy and Kitten with Anti-Slip Bottom</p><p> -21% 0FF </p><p>$28.49</p><a href="https://www.amazon.com/dp/B0DDKRS437?tag=eloabder-20&linkCode=osi&th=1&psc=1">View Product</a></div>
<div class="product"><a href="https://www.amazon.com/dp/B0BFG9Z2P9?tag=eloabder-20&linkCode=osi&th=1&psc=1"><img src="https://m.media-amazon.com/images/I/418f7l64RZL._SL500_.jpg" alt="Product Image"></a><p>Tomkas Small Dog Sling Carrier - Classic Pocket & Classic Strap - for 3-10 lbs Pets(Black)</p><p> -5% 0FF </p><p>$13.29</p><a href="https://www.amazon.com/dp/B0BFG9Z2P9?tag=eloabder-20&linkCode=osi&th=1&psc=1">View Product</a></div>
<div class="product"><a href="https://www.amazon.com/dp/B0CTF8S82M?tag=eloabder-20&linkCode=osi&th=1&psc=1"><img src="https://m.media-amazon.com/images/I/31iR7d1zNSL._SL500_.jpg" alt="Product Image"></a><p>Dog Carrier Sling - Reversible Puppy Carrier Purse with Storage Pocket, Hand-Free Dog Sling Carrier for Carry Small Dogs and Cats, Travel Safety Harness, Dog and Cat Harness(Black)</p><p> -17% 0FF </p><p>$9.99</p><a href="https://www.amazon.com/dp/B0CTF8S82M?tag=eloabder-20&linkCode=osi&th=1&psc=1">View Product</a></div><div class="product"><a href="https://www.amazon.com/dp/B09MJ131L5?tag=eloabder-20&linkCode=osi&th=1&psc=1"><img src="https://m.media-amazon.com/images/I/51vCG0gYKFL._SL500_.jpg" alt="Product Image"></a><p>GAPZER Pet Carrier for Large Cats, Soft-Sided Cat Carrier for Medium Big Cats and Puppy up to 20lbs, Washable Dog Carrier Privacy Protection for Home Outdoor Travel</p><p> -25% 0FF </p><p>$29.99</p><a href="https://www.amazon.com/dp/B09MJ131L5?tag=eloabder-20&linkCode=osi&th=1&psc=1">View Product</a></div><div class="product"><a href="https://www.amazon.com/dp/B0CGB1SRGH?tag=eloabder-20&linkCode=osi&th=1&psc=1"><img src="https://m.media-amazon.com/images/I/51x07O9JhRL._SL500_.jpg" alt="Product Image"></a><p>Soft Sided Cat/Dog Carrier,Collapsible Pets Travel Carriers for Pet/Puppy with Shoulder Strap & Removable Mat,Mesh Top Load Small Dogs/Cats Carry Bag Up to 17 Lbs TSA Airline Approved（Black,M）</p><p> -15% 0FF </p><p>$17.77 ($17.77 / Count)</p><a href="https://www.amazon.com/dp/B0CGB1SRGH?tag=eloabder-20&linkCode=osi&th=1&psc=1">View Product</a></div>

<div class="product"><a href="https://www.amazon.com/dp/B0BHYZV3HY?tag=eloabder-20&linkCode=osi&th=1&psc=1"><img src="https://m.media-amazon.com/images/I/51GsL7XYrvL._SL500_.jpg" alt="Product Image"></a><p>oneisall Dog Grooming Vacuum, Pet Grooming Vacuum with Clipper Nail Grinder, 1.5L Dust Cup Dog deshedding Vacuum Brush with 7 Pet Grooming Tools for Shedding Pet Hair, Home Cleaning(Blue)</p><p> -9% 0FF </p><p>$99.99</p><a href="https://www.amazon.com/dp/B0BHYZV3HY?tag=eloabder-20&linkCode=osi&th=1&psc=1">View Product</a></div><div class="product"><a href="https://www.amazon.com/dp/B01330IKAA?tag=eloabder-20&linkCode=osi&th=1&psc=1"><img src="https://m.media-amazon.com/images/I/31tp596fu2L._SL500_.jpg" alt="Product Image"></a><p>BioSilk for Dogs Silk Therapy Detangling Plus Shine Mist for Dogs | Best Detangling Spray for All Dogs & Puppies for Shiny Coats and Dematting | 8 Oz Bottle (Packaging May Vary)</p><p> -11% 0FF </p><p>$8.92</p><a href="https://www.amazon.com/dp/B01330IKAA?tag=eloabder-20&linkCode=osi&th=1&psc=1">View Product</a></div><div class="product"><a href="https://www.amazon.com/dp/B00VC8DQX2?tag=eloabder-20&linkCode=osi&th=1&psc=1"><img src="https://m.media-amazon.com/images/I/41o8MrUqR1L._SL500_.jpg" alt="Product Image"></a><p>SleekEZ Dog Brush for Shedding & Dog Grooming Supplies | Pet Hair Removal Tool | Great For All Fur Types | For Short, Medium, & Long Hair Pets | Reduces Shedding by 95% | Made in USA | 1 pack | 5 inch</p><p> -15% 0FF </p><p>$19.97</p><a href="https://www.amazon.com/dp/B00VC8DQX2?tag=eloabder-20&linkCode=osi&th=1&psc=1">View Product</a></div><div class="product"><a href="https://www.amazon.com/dp/B0002H3RBU?tag=eloabder-20&linkCode=osi&th=1&psc=1"><img src="https://m.media-amazon.com/images/I/41G42uu7qBL._SL500_.jpg" alt="Product Image"></a><p>Miracle Care Kwik Stop Styptic Powder For Dogs, Cats and Birds, 0.5 Ounce, Fast Acting Blood Stop Powder with Pain Relieving Benzocaine</p><p> -5% 0FF </p><p>$9.99</p><a href="https://www.amazon.com/dp/B0002H3RBU?tag=eloabder-20&linkCode=osi&th=1&psc=1">View Product</a></div><div class="product"><a href="https://www.amazon.com/dp/B0CNZB3L28?tag=eloabder-20&linkCode=osi&th=1&psc=1"><img src="https://m.media-amazon.com/images/I/41XWOVhEWmL._SL500_.jpg" alt="Product Image"></a><p>MEDUWEDU Ear Cleaner Finger Wipes 60 Counts, Dog Ear Cleaner, Grooming Kit Care for Dogs and Cats, Soft & Easy Otic Cleaning Pads, Remove Wax, Dirt & Stop Smelly, Itchy, Non-Irritating, Coconut Scent</p><p> -13% 0FF </p><p>$6.97</p><a href="https://www.amazon.com/dp/B0CNZB3L28?tag=eloabder-20&linkCode=osi&th=1&psc=1">View Product</a></div><div class="product"><a href="https://www.amazon.com/dp/B01HRSZRXM?tag=eloabder-20&linkCode=osi&th=1&psc=1"><img src="https://m.media-amazon.com/images/I/51jzCKDndHL._SL500_.jpg" alt="Product Image"></a><p>oneisall Dog Clipper Low Noise, Dog Grooming Kit with Rechargeable, Pet Shaver Cordless Electric Quiet Hair Clipper Set for Dogs Cats Pets（Gold）</p><p> -25% 0FF </p><p>$29.99</p><a href="https://www.amazon.com/dp/B01HRSZRXM?tag=eloabder-20&linkCode=osi&th=1&psc=1">View Product</a></div>
<div class="product"><a href="https://www.amazon.com/dp/B07CXQQ4Q5?tag=eloabder-20&linkCode=osi&th=1&psc=1"><img src="https://m.media-amazon.com/images/I/41fZKGIVQRL._SL500_.jpg" alt="Product Image"></a><p>PetArmor 7 Way De-Wormer for Dogs, Oral Treatment for Tapeworm, Roundworm & Hookworm in Large Dogs & Puppies (Over 25 lbs), Worm Remover (Praziquantel & Pyrantel Pamoate), 2 Flavored Chewables</p><p> -10% 0FF </p><p>$18.00 ($9.00 / Count)</p><a href="https://www.amazon.com/dp/B07CXQQ4Q5?tag=eloabder-20&linkCode=osi&th=1&psc=1">View Product</a></div><div class="product"><a href="https://www.amazon.com/dp/B000O5DHT2?tag=eloabder-20&linkCode=osi&th=1&psc=1"><img src="https://m.media-amazon.com/images/I/41Am2odDJjL._SL500_.jpg" alt="Product Image"></a><p>Merial Zimecterin Gold Dewormer Paste for Horses, 7.35gm (Packaging May Vary)</p><p> -20% 0FF </p><p>$16.69</p><a href="https://www.amazon.com/dp/B000O5DHT2?tag=eloabder-20&linkCode=osi&th=1&psc=1">View Product</a></div><div class="product"><a href="https://www.amazon.com/dp/B078YCWFKK?tag=eloabder-20&linkCode=osi&th=1&psc=1"><img src="https://m.media-amazon.com/images/I/41+lFxJHMCL._SL500_.jpg" alt="Product Image"></a><p>Durvet 2251171 Wormer-Double Strength Liquid Dog</p><p> -8% 0FF </p><p>$27.78</p><a href="https://www.amazon.com/dp/B078YCWFKK?tag=eloabder-20&linkCode=osi&th=1&psc=1">View Product</a></div>

<div class="product"><a href="https://www.amazon.com/dp/B0FJ2NPL47?tag=eloabder-20&linkCode=osi&th=1&psc=1"><img src="https://m.media-amazon.com/images/I/51TDSHRvQDL._SL500_.jpg" alt="Product Image"></a><p>Pet Hair Removal Glove for Dogs & Cats, Newly Upgraded Reusable Electrostatic Pet Hair Gloves, Pet Hair Remover Tool for Clothing, Couch, Carpet, Car Seat</p><p> -15% 0FF </p><p>$16.99</p><a href="https://www.amazon.com/dp/B0FJ2NPL47?tag=eloabder-20&linkCode=osi&th=1&psc=1">View Product</a></div><div class="product"><a href="https://www.amazon.com/dp/B0DMWBS87F?tag=eloabder-20&linkCode=osi&th=1&psc=1"><img src="https://m.media-amazon.com/images/I/51Q8Cx4sNWL._SL500_.jpg" alt="Product Image"></a><p>Paw Science Dog Eye Wipes - Hypoallergenic Eye & Face Wipes for Dogs, Cats, & Puppy - Pet Tear Stain Remover & Cleaner - Gently Cleans & Removes Discharge, Crust, & Gunk (Coconut)</p><p> -36% 0FF </p><p>$8.99 ($0.09 / Count)</p><a href="https://www.amazon.com/dp/B0DMWBS87F?tag=eloabder-20&linkCode=osi&th=1&psc=1">View Product</a></div><div class="product"><a href="https://www.amazon.com/dp/B0FH6PZ6RZ?tag=eloabder-20&linkCode=osi&th=1&psc=1"><img src="https://m.media-amazon.com/images/I/414hJ-w970L._SL500_.jpg" alt="Product Image"></a><p>Dog Nail Grinder with 2 LED Lights Powerful 2 Speeds Super Quiet Dog Nail Trimmers with 3 Grinding Wheels Rechargeable Pet Dog Nail Clippers for Large Medium Puppy Dogs Nail File Cat Nail Clipper Blue</p><p> -5% 0FF </p><p>$18.99</p><a href="https://www.amazon.com/dp/B0FH6PZ6RZ?tag=eloabder-20&linkCode=osi&th=1&psc=1">View Product</a></div><div class="product"><a href="https://www.amazon.com/dp/B0FD9MGDKV?tag=eloabder-20&linkCode=osi&th=1&psc=1"><img src="https://m.media-amazon.com/images/I/51XGj6QgMcL._SL500_.jpg" alt="Product Image"></a><p>Pet Hair Removal Glove for Cats & Dogs, Upgraded Five-Finger Electrostatic Pet Hair Gloves, Reusable Magic Brush Pet Hair Remover Tool for Laundry, Couch, Carpet, Car Seat</p><p> -19% 0FF </p><p>$16.17</p><a href="https://www.amazon.com/dp/B0FD9MGDKV?tag=eloabder-20&linkCode=osi&th=1&psc=1">View Product</a></div>
<div class="product"><a href="https://www.amazon.com/dp/B09K8YYVWV?tag=eloabder-20&linkCode=osi&th=1&psc=1"><img src="https://m.media-amazon.com/images/I/4123dxF1ijL._SL500_.jpg" alt="Product Image"></a><p>Blue Buffalo Life Protection Formula Natural Adult Dry Dog Food, Chicken and Brown Rice 5-lb Trial Size Bag</p><p> -17% 0FF </p><p>$14.98 ($3.00 / lb)</p><a href="https://www.amazon.com/dp/B09K8YYVWV?tag=eloabder-20&linkCode=osi&th=1&psc=1">View Product</a></div><div class="product"><a href="https://www.amazon.com/dp/B0000AH3QT?tag=eloabder-20&linkCode=osi&th=1&psc=1"><img src="https://m.media-amazon.com/images/I/41FXHOzdCWL._SL500_.jpg" alt="Product Image"></a><p>Purina ONE Chicken and Rice Formula Dry Dog Food - 8 lb. Bag</p><p> -9% 0FF </p><p>$16.28 ($2.04 / Pound)</p><a href="https://www.amazon.com/dp/B0000AH3QT?tag=eloabder-20&linkCode=osi&th=1&psc=1">View Product</a></div><div class="product"><a href="https://www.amazon.com/dp/B0000AH3QW?tag=eloabder-20&linkCode=osi&th=1&psc=1"><img src="https://m.media-amazon.com/images/I/41jXsOOPPtL._SL500_.jpg" alt="Product Image"></a><p>Purina ONE Dry Dog Food Lamb and Rice Formula - 8 lb. Bag</p><p> -9% 0FF </p><p>$16.28 ($2.04 / pound)</p><a href="https://www.amazon.com/dp/B0000AH3QW?tag=eloabder-20&linkCode=osi&th=1&psc=1">View Product</a></div><div class="product"><a href="https://www.amazon.com/dp/B09K9FDLFN?tag=eloabder-20&linkCode=osi&th=1&psc=1"><img src="https://m.media-amazon.com/images/I/41fn4P3zY0L._SL500_.jpg" alt="Product Image"></a><p>Blue Buffalo Life Protection Formula Natural Adult Small Breed Dry Dog Food, Chicken and Brown Rice 5-lb Trial Size Bag</p><p> -15% 0FF </p><p>$16.98 ($3.40 / lb)</p><a href="https://www.amazon.com/dp/B09K9FDLFN?tag=eloabder-20&linkCode=osi&th=1&psc=1">View Product</a></div><div class="product"><a href="https://www.amazon.com/dp/B008NHLZ2Y?tag=eloabder-20&linkCode=osi&th=1&psc=1"><img src="https://m.media-amazon.com/images/I/51OqxCyPKTL._SL500_.jpg" alt="Product Image"></a><p>Cesar Wet Dog Food Classic Loaf in Sauce Beef Recipe, Filet Mignon, Grilled Chicken and Porterhouse Steak Variety Pack, 3.5 oz. Easy Peel Trays (24 Count, Pack of 1)</p><p> -11% 0FF </p><p>$24.94 ($1.04 / Count)</p><a href="https://www.amazon.com/dp/B008NHLZ2Y?tag=eloabder-20&linkCode=osi&th=1&psc=1">View Product</a></div><div class="product"><a href="https://www.amazon.com/dp/B00DE7WKVS?tag=eloabder-20&linkCode=osi&th=1&psc=1"><img src="https://m.media-amazon.com/images/I/514-XqvXJJL._SL500_.jpg" alt="Product Image"></a><p>Purina ONE True Instinct With A Blend Of Real Turkey and Venison Dry Dog Food - 15 lb. Bag</p><p> -9% 0FF </p><p>$32.28 ($2.15 / Pound)</p><a href="https://www.amazon.com/dp/B00DE7WKVS?tag=eloabder-20&linkCode=osi&th=1&psc=1">View Product</a></div>
<div class="product"><a href="https://www.amazon.com/dp/B007JXVR76?tag=eloabder-20&linkCode=osi&th=1&psc=1"><img src="https://m.media-amazon.com/images/I/41XRcLETtGL._SL500_.jpg" alt="Product Image"></a><p>Meow Mix Original Choice Dry Cat Food, 6.3 Pound Bag</p><p> -6% 0FF </p><p>$9.29 ($1.47 / lb)</p><a href="https://www.amazon.com/dp/B007JXVR76?tag=eloabder-20&linkCode=osi&th=1&psc=1">View Product</a></div><div class="product"><a href="https://www.amazon.com/dp/B0D9MW74TG?tag=eloabder-20&linkCode=osi&th=1&psc=1"><img src="https://m.media-amazon.com/images/I/51CSHkalU1L._SL500_.jpg" alt="Product Image"></a><p>Meow Mix Gravy Bursts Dry Cat Food, Chicken, 3 LB Bag</p><p> -16% 0FF </p><p>$5.72 ($1.91 / lb)</p><a href="https://www.amazon.com/dp/B0D9MW74TG?tag=eloabder-20&linkCode=osi&th=1&psc=1">View Product</a></div><div class="product"><a href="https://www.amazon.com/dp/B01H3OA7KI?tag=eloabder-20&linkCode=osi&th=1&psc=1"><img src="https://m.media-amazon.com/images/I/51vds1pph5L._SL500_.jpg" alt="Product Image"></a><p>Purina Cat Chow Hairball, Healthy Weight, Indoor, Natural Dry Cat Food, Naturals Indoor - 13 lb. Bag</p><p> -6% 0FF </p><p>$16.99 ($1.31 / lb)</p><a href="https://www.amazon.com/dp/B01H3OA7KI?tag=eloabder-20&linkCode=osi&th=1&psc=1">View Product</a></div><div class="product"><a href="https://www.amazon.com/dp/B01BKYFR7K?tag=eloabder-20&linkCode=osi&th=1&psc=1"><img src="https://m.media-amazon.com/images/I/41GYcHtJdcL._SL500_.jpg" alt="Product Image"></a><p>IAMS Proactive Health Indoor Weight Control & Hairball Care Adult Dry Cat Food, Chicken & Turkey Recipe, 7 lb. Bag</p><p> -11% 0FF </p><p>$16.97 ($2.42 / lb)</p><a href="https://www.amazon.com/dp/B01BKYFR7K?tag=eloabder-20&linkCode=osi&th=1&psc=1">View Product</a></div>
<div class="product"><a href="https://www.amazon.com/dp/B003PMQMK2?tag=eloabder-20&linkCode=osi&th=1&psc=1"><img src="https://m.media-amazon.com/images/I/51rKBA3bcNL._SL500_.jpg" alt="Product Image"></a><p>Milk-Bone MaroSnacks Small Dog Treats With Bone Marrow, 40 Ounce Container</p><p> -21% 0FF </p><p>$11.48 ($4.59 / lb)</p><a href="https://www.amazon.com/dp/B003PMQMK2?tag=eloabder-20&linkCode=osi&th=1&psc=1">View Product</a></div><div class="product"><a href="https://www.amazon.com/dp/B07BVL8TQF?tag=eloabder-20&linkCode=osi&th=1&psc=1"><img src="https://m.media-amazon.com/images/I/41V12A43ClL._SL500_.jpg" alt="Product Image"></a><p>Good ‘n’ Fun Triple Flavor Kabobs Chews for All Dogs, 24 Ounces, Treat Your Dog to Chews Made from Beef Hide, Real Chicken, Pork Hide, Duck and Chicken Liver</p><p> -27% 0FF </p><p>$15.98 ($10.65 / lb)</p><a href="https://www.amazon.com/dp/B07BVL8TQF?tag=eloabder-20&linkCode=osi&th=1&psc=1">View Product</a></div><div class="product"><a href="https://www.amazon.com/dp/B006HKA6II?tag=eloabder-20&linkCode=osi&th=1&psc=1"><img src="https://m.media-amazon.com/images/I/41sdmNauoVL._SL500_.jpg" alt="Product Image"></a><p>Milk-Bone Soft & Chewy Dog Treats, Beef & Filet Mignon Recipe, 25 Ounce</p><p> -7% 0FF </p><p>$14.48 ($9.27 / lb)</p><a href="https://www.amazon.com/dp/B006HKA6II?tag=eloabder-20&linkCode=osi&th=1&psc=1">View Product</a></div><div class="product"><a href="https://www.amazon.com/dp/B006W6YHHI?tag=eloabder-20&linkCode=osi&th=1&psc=1"><img src="https://m.media-amazon.com/images/I/51VcU1tm-7L._SL500_.jpg" alt="Product Image"></a><p>Greenies Original Regular Dental Dog Treats, 36 oz. Pack (36 Treats)</p><p> -8% 0FF </p><p>$36.97 ($16.43 / lb)</p><a href="https://www.amazon.com/dp/B006W6YHHI?tag=eloabder-20&linkCode=osi&th=1&psc=1">View Product</a></div><div class="product"><a href="https://www.amazon.com/dp/B07D323MFZ?tag=eloabder-20&linkCode=osi&th=1&psc=1"><img src="https://m.media-amazon.com/images/I/41OTio6+siL._SL500_.jpg" alt="Product Image"></a><p>INABA Churu Cat Treats, Grain-Free, Lickable, Squeezable Creamy Purée Cat Treat/Topper with Vitamin E & Taurine, 0.5 Ounces Each Tube, 50 Tubes, Tuna & Chicken Variety</p><p> -18% 0FF </p><p>$32.96 ($1.32 / Ounce)</p><a href="https://www.amazon.com/dp/B07D323MFZ?tag=eloabder-20&linkCode=osi&th=1&psc=1">View Product</a></div><div class="product"><a href="https://www.amazon.com/dp/B09MZDFLSV?tag=eloabder-20&linkCode=osi&th=1&psc=1"><img src="https://m.media-amazon.com/images/I/51mXUxhYDiL._SL500_.jpg" alt="Product Image"></a><p>Full Moon All Natural Human Grade Dog Treats, Essential Beef Savory Sticks, 22 Ounce, 1.375 Pound (Pack of 1)</p><p> -10% 0FF </p><p>$17.94 ($13.05 / lb)</p><a href="https://www.amazon.com/dp/B09MZDFLSV?tag=eloabder-20&linkCode=osi&th=1&psc=1">View Product</a></div><div class="product"><a href="https://www.amazon.com/dp/B07BVLGZW6?tag=eloabder-20&linkCode=osi&th=1&psc=1"><img src="https://m.media-amazon.com/images/I/51g5KoU0RiL._SL500_.jpg" alt="Product Image"></a><p>Good ‘n’ Fun Triple Flavor Wings Chews for All Dogs, 12 Ounces, Treat Your Dog to Long-Lasting Chews Made with Chicken, Pork Hide and Beef Hide</p><p> -27% 0FF </p><p>$10.48 ($13.97 / lb)</p><a href="https://www.amazon.com/dp/B07BVLGZW6?tag=eloabder-20&linkCode=osi&th=1&psc=1">View Product</a></div>
<div class="product"><a href="https://www.amazon.com/dp/B01EX0H12M?tag=eloabder-20&linkCode=osi&th=1&psc=1"><img src="https://m.media-amazon.com/images/I/41tpUtk3FGL._SL500_.jpg" alt="Product Image"></a><p>Full Moon Chicken Jerky Healthy All Natural Dog Treats Human Grade Made in USA Grain Free, 1.5 Pound (Pack of 1)</p><p> -19% 0FF </p><p>$26.44 ($17.63 / lb)</p><a href="https://www.amazon.com/dp/B01EX0H12M?tag=eloabder-20&linkCode=osi&th=1&psc=1">View Product</a></div>
<div class="product"><a href="https://www.amazon.com/dp/B07BTRHM75?tag=eloabder-20&linkCode=osi&th=1&psc=1"><img src="https://m.media-amazon.com/images/I/51yN5sax9BL._SL500_.jpg" alt="Product Image"></a><p>Delectables Bisque Lickable Wet Cat Treats - Chicken, Tuna & Shrimp, 12 count</p><p> -9% 0FF </p><p>$12.94 ($0.77 / Ounce)</p><a href="https://www.amazon.com/dp/B07BTRHM75?tag=eloabder-20&linkCode=osi&th=1&psc=1">View Product</a></div><div class="product"><a href="https://www.amazon.com/dp/B00M0FK8UU?tag=eloabder-20&linkCode=osi&th=1&psc=1"><img src="https://m.media-amazon.com/images/I/517+RuVAECL._SL500_.jpg" alt="Product Image"></a><p>Temptations MixUps Surfer's Delight Flavor Crunchy and Soft Cat Treats, 16 oz. Tub</p><p> -8% 0FF </p><p>$7.80 ($0.49 / Ounce)</p><a href="https://www.amazon.com/dp/B00M0FK8UU?tag=eloabder-20&linkCode=osi&th=1&psc=1">View Product</a></div><div class="product"><a href="https://www.amazon.com/dp/B07KGXQ1WC?tag=eloabder-20&linkCode=osi&th=1&psc=1"><img src="https://m.media-amazon.com/images/I/51lx-r6UP1L._SL500_.jpg" alt="Product Image"></a><p>Temptations Classic Crunchy and Soft Cat Treats, Shrimpy Shrimp Flavor, 16 oz. Tub</p><p> -25% 0FF </p><p>$6.36 ($0.40 / Ounce)</p><a href="https://www.amazon.com/dp/B07KGXQ1WC?tag=eloabder-20&linkCode=osi&th=1&psc=1">View Product</a></div>
<div class="product"><a href="https://www.amazon.com/dp/B0BHN7K52L?tag=eloabder-20&linkCode=osi&th=1&psc=1"><img src="https://m.media-amazon.com/images/I/41VtkP72E7L._SL500_.jpg" alt="Product Image"></a><p>Dog Toys for Aggresive Chewers - Tough,Indestructible Dog Toys for Large, Medium,Small Breed to Keep Them Busy</p><p> -38% 0FF </p><p>$9.99</p><a href="https://www.amazon.com/dp/B0BHN7K52L?tag=eloabder-20&linkCode=osi&th=1&psc=1">View Product</a></div><div class="product"><a href="https://www.amazon.com/dp/B000F4AVPA?tag=eloabder-20&linkCode=osi&th=1&psc=1"><img src="https://m.media-amazon.com/images/I/31NKTw5DUeL._SL500_.jpg" alt="Product Image"></a><p>Chuckit! Ultra Ball Dog Toy - Medium Bouncy Fetch Balls For Dogs 20-60 lbs - Made from Durable Rubber - Floating Water Pet Toys - Size Medium - 2.5-inch Diameter - Pack of 2</p><p> -35% 0FF </p><p>$7.13</p><a href="https://www.amazon.com/dp/B000F4AVPA?tag=eloabder-20&linkCode=osi&th=1&psc=1">View Product</a></div><div class="product"><a href="https://www.amazon.com/dp/B0B1LVKG8D?tag=eloabder-20&linkCode=osi&th=1&psc=1"><img src="https://m.media-amazon.com/images/I/51bjl2slJTL._SL500_.jpg" alt="Product Image"></a><p>Fuufome Large Squeaky Dog Toys- Plush Dog Toys with Soft Fabric for Small, Medium, and Large Dogs Daily Companionship, Training Reward Gift</p><p> -41% 0FF </p><p>$9.49</p><a href="https://www.amazon.com/dp/B0B1LVKG8D?tag=eloabder-20&linkCode=osi&th=1&psc=1">View Product</a></div>

<div class="product"><a href="https://www.amazon.com/dp/B01AHM6P18?tag=eloabder-20&linkCode=osi&th=1&psc=1"><img src="https://m.media-amazon.com/images/I/51z5bUF-cpL._SL500_.jpg" alt="Product Image"></a><p>Fashion's Talk Cat Toys Variety Pack for Kitty 20 Pieces</p><p> -21% 0FF </p><p>$9.49</p><a href="https://www.amazon.com/dp/B01AHM6P18?tag=eloabder-20&linkCode=osi&th=1&psc=1">View Product</a></div><div class="product"><a href="https://www.amazon.com/dp/B0DG1X5KHM?tag=eloabder-20&linkCode=osi&th=1&psc=1"><img src="https://m.media-amazon.com/images/I/31YvLOoWZsL._SL500_.jpg" alt="Product Image"></a><p>Jkanti Interactive Cat Toys for Indoor Cats,The 3rd Generation Agile Moving Cat Ball with Elastic Mesh Tail,Automatic Kitten Toys for Bored Indoor Adult Cats,Motion Activated (Orange)</p><p> -10% 0FF </p><p>$17.99</p><a href="https://www.amazon.com/dp/B0DG1X5KHM?tag=eloabder-20&linkCode=osi&th=1&psc=1">View Product</a></div><div class="product"><a href="https://www.amazon.com/dp/B0D6W8B4FM?tag=eloabder-20&linkCode=osi&th=1&psc=1"><img src="https://m.media-amazon.com/images/I/31tkIoBZ3tL._SL500_.jpg" alt="Product Image"></a><p>TBTeek Cat Toys, USB Rechargeable Kitten Toy, 3 Light Modes & 5 Adjustable Patterns, Portable Interactive Pet Dog Cat Mouse Toy for Fun Chase Play Exercise</p><p> -13% 0FF </p><p>$6.97</p><a href="https://www.amazon.com/dp/B0D6W8B4FM?tag=eloabder-20&linkCode=osi&th=1&psc=1">View Product</a></div><div class="product"><a href="https://www.amazon.com/dp/B0CZ3YD1V6?tag=eloabder-20&linkCode=osi&th=1&psc=1"><img src="https://m.media-amazon.com/images/I/41nrT5-eUfL._SL500_.jpg" alt="Product Image"></a><p>Potaroma Cat Toys Chew Ropes 3Pcs with Refillable Natural Catnip, Safe Teeth Cleaning Toy for Indoor Kittens, Interactive Cat Nip Kitty Toys for All Breeds 19.5 Inches</p><p> -42% 0FF </p><p>$7.59</p><a href="https://www.amazon.com/dp/B0CZ3YD1V6?tag=eloabder-20&linkCode=osi&th=1&psc=1">View Product</a></div><div class="product"><a href="https://www.amazon.com/dp/B09WHBG4DV?tag=eloabder-20&linkCode=osi&th=1&psc=1"><img src="https://m.media-amazon.com/images/I/41eXntBWimL._SL500_.jpg" alt="Product Image"></a><p>Potaroma Cat Toys Pillows, 3 Pack, Soft and Durable Crinkle Sound with Catnip Inside, Interactive Indoor Kitten Kicker, Promotes Kitty Exercise</p><p> -38% 0FF </p><p>$9.98</p><a href="https://www.amazon.com/dp/B09WHBG4DV?tag=eloabder-20&linkCode=osi&th=1&psc=1">View Product</a></div>
<div class="product"><a href="https://www.amazon.com/dp/B08CXGYW1Q?tag=eloabder-20&linkCode=osi&th=1&psc=1"><img src="https://m.media-amazon.com/images/I/51TwJcM8A9L._SL500_.jpg" alt="Product Image"></a><p>Bedsure Calming Dog Bed Medium Size Dog - Donut Washable Medium Pet Bed, 30 inches Anti-Slip Round Fluffy Plush Faux Fur Cat Bed, Fits up to 45 lbs Pets, Camel</p><p> -7% 0FF </p><p>$39.99</p><a href="https://www.amazon.com/dp/B08CXGYW1Q?tag=eloabder-20&linkCode=osi&th=1&psc=1">View Product</a></div><div class="product"><a href="https://www.amazon.com/dp/B0DBYVR7LH?tag=eloabder-20&linkCode=osi&th=1&psc=1"><img src="https://m.media-amazon.com/images/I/51Mdi5roe1L._SL500_.jpg" alt="Product Image"></a><p>Hoewina Dog & Cat Bed for Indoor Cats, 20in Calming Donut Bed for Puppy and Kitten, Washable Round Fluffy Pet Bed for Small Medium Dogs and Cats (Light Grey)</p><p> -18% 0FF </p><p>$9.85</p><a href="https://www.amazon.com/dp/B0DBYVR7LH?tag=eloabder-20&linkCode=osi&th=1&psc=1">View Product</a></div><div class="product"><a href="https://www.amazon.com/dp/B0FBLRWFC1?tag=eloabder-20&linkCode=osi&th=1&psc=1"><img src="https://m.media-amazon.com/images/I/41qIhp9dq7L._SL500_.jpg" alt="Product Image"></a><p>Donut Dog Bed for Small Medium Dogs Cats, 18 inch Calming Washable-Round Cozy Soft Pet Bed for Puppy and Kitten with Slip-Resistant Bottom</p><p> -50% 0FF </p><p>$9.99</p><a href="https://www.amazon.com/dp/B0FBLRWFC1?tag=eloabder-20&linkCode=osi&th=1&psc=1">View Product</a></div><div class="product"><a href="https://www.amazon.com/dp/B000TZ73EW?tag=eloabder-20&linkCode=osi&th=1&psc=1"><img src="https://m.media-amazon.com/images/I/41PrtjgWzEL._SL500_.jpg" alt="Product Image"></a><p>MidWest Homes for Pets QuietTime XXS Dog Bed – Cinnamon Faux Fur Bolster, Ultra-Soft and Machine Washable, Fits 18-Inch Crates and Carriers, for Small Dogs and Cats</p><p> -13% 0FF </p><p>$11.33</p><a href="https://www.amazon.com/dp/B000TZ73EW?tag=eloabder-20&linkCode=osi&th=1&psc=1">View Product</a></div>

<div class="product"><a href="https://www.amazon.com/dp/B07MFYSKCL?tag=eloabder-20&linkCode=osi&th=1&psc=1"><img src="https://m.media-amazon.com/images/I/41WrfqDuWpL._SL500_.jpg" alt="Product Image"></a><p>Love's cabin Round Donut Cat and Dog Cushion Bed, 20in Bed for Cats or Small Dogs, Anti-Slip & Water-Resistant Bottom, Super Soft Durable Fabric Pet Beds, Washable Luxury Cat & Dog Bed Gray</p><p> -20% 0FF </p><p>$15.99</p><a href="https://www.amazon.com/dp/B07MFYSKCL?tag=eloabder-20&linkCode=osi&th=1&psc=1">View Product</a></div><div class="product"><a href="https://www.amazon.com/dp/B08CY5VR5W?tag=eloabder-20&linkCode=osi&th=1&psc=1"><img src="https://m.media-amazon.com/images/I/51Hp7ZTQiFL._SL500_.jpg" alt="Product Image"></a><p>Bedsure Cat Beds for Indoor Cats - Large Cat Cave for Pet Cat House with Fluffy Ball Hanging and Scratch Pad, Foldable Cat Hideaway, 16.5x16.5x13 inches, Grey</p><p> -20% 0FF </p><p>$23.99</p><a href="https://www.amazon.com/dp/B08CY5VR5W?tag=eloabder-20&linkCode=osi&th=1&psc=1">View Product</a></div><div class="product"><a href="https://www.amazon.com/dp/B06XF6VH2N?tag=eloabder-20&linkCode=osi&th=1&psc=1"><img src="https://m.media-amazon.com/images/I/41+7YS2mbWL._SL500_.jpg" alt="Product Image"></a><p>Furhaven ThermaNAP Self-Warming Cat Bed for Indoor Cats & Small Dogs, Washable & Reflects Body Heat - Quilted Faux Fur Reflective Bed Mat - Gray, Small</p><p> -8% 0FF </p><p>$11.99</p><a href="https://www.amazon.com/dp/B06XF6VH2N?tag=eloabder-20&linkCode=osi&th=1&psc=1">View Product</a></div><div class="product"><a href="https://www.amazon.com/dp/B0DDKRS437?tag=eloabder-20&linkCode=osi&th=1&psc=1"><img src="https://m.media-amazon.com/images/I/31eWtW2c9JL._SL500_.jpg" alt="Product Image"></a><p>BALANCE Cat Bed Kitten Bed, Washable Round Cat Beds for Indoor Cats, Super Soft Plush Faux Fur Pet Bed for Puppy and Kitten with Anti-Slip Bottom</p><p> -21% 0FF </p><p>$28.49</p><a href="https://www.amazon.com/dp/B0DDKRS437?tag=eloabder-20&linkCode=osi&th=1&psc=1">View Product</a></div>
<div class="product"><a href="https://www.amazon.com/dp/B0BFG9Z2P9?tag=eloabder-20&linkCode=osi&th=1&psc=1"><img src="https://m.media-amazon.com/images/I/418f7l64RZL._SL500_.jpg" alt="Product Image"></a><p>Tomkas Small Dog Sling Carrier - Classic Pocket & Classic Strap - for 3-10 lbs Pets(Black)</p><p> -5% 0FF </p><p>$13.29</p><a href="https://www.amazon.com/dp/B0BFG9Z2P9?tag=eloabder-20&linkCode=osi&th=1&psc=1">View Product</a></div>
<div class="product"><a href="https://www.amazon.com/dp/B0CTF8S82M?tag=eloabder-20&linkCode=osi&th=1&psc=1"><img src="https://m.media-amazon.com/images/I/31iR7d1zNSL._SL500_.jpg" alt="Product Image"></a><p>Dog Carrier Sling - Reversible Puppy Carrier Purse with Storage Pocket, Hand-Free Dog Sling Carrier for Carry Small Dogs and Cats, Travel Safety Harness, Dog and Cat Harness(Black)</p><p> -17% 0FF </p><p>$9.99</p><a href="https://www.amazon.com/dp/B0CTF8S82M?tag=eloabder-20&linkCode=osi&th=1&psc=1">View Product</a></div><div class="product"><a href="https://www.amazon.com/dp/B09MJ131L5?tag=eloabder-20&linkCode=osi&th=1&psc=1"><img src="https://m.media-amazon.com/images/I/51vCG0gYKFL._SL500_.jpg" alt="Product Image"></a><p>GAPZER Pet Carrier for Large Cats, Soft-Sided Cat Carrier for Medium Big Cats and Puppy up to 20lbs, Washable Dog Carrier Privacy Protection for Home Outdoor Travel</p><p> -25% 0FF </p><p>$29.99</p><a href="https://www.amazon.com/dp/B09MJ131L5?tag=eloabder-20&linkCode=osi&th=1&psc=1">View Product</a></div><div class="product"><a href="https://www.amazon.com/dp/B0CGB1SRGH?tag=eloabder-20&linkCode=osi&th=1&psc=1"><img src="https://m.media-amazon.com/images/I/51x07O9JhRL._SL500_.jpg" alt="Product Image"></a><p>Soft Sided Cat/Dog Carrier,Collapsible Pets Travel Carriers for Pet/Puppy with Shoulder Strap & Removable Mat,Mesh Top Load Small Dogs/Cats Carry Bag Up to 17 Lbs TSA Airline Approved（Black,M）</p><p> -15% 0FF </p><p>$17.77 ($17.77 / Count)</p><a href="https://www.amazon.com/dp/B0CGB1SRGH?tag=eloabder-20&linkCode=osi&th=1&psc=1">View Product</a></div>

<div class="product"><a href="https://www.amazon.com/dp/B0BHYZV3HY?tag=eloabder-20&linkCode=osi&th=1&psc=1"><img src="https://m.media-amazon.com/images/I/51GsL7XYrvL._SL500_.jpg" alt="Product Image"></a><p>oneisall Dog Grooming Vacuum, Pet Grooming Vacuum with Clipper Nail Grinder, 1.5L Dust Cup Dog deshedding Vacuum Brush with 7 Pet Grooming Tools for Shedding Pet Hair, Home Cleaning(Blue)</p><p> -9% 0FF </p><p>$99.99</p><a href="https://www.amazon.com/dp/B0BHYZV3HY?tag=eloabder-20&linkCode=osi&th=1&psc=1">View Product</a></div><div class="product"><a href="https://www.amazon.com/dp/B01330IKAA?tag=eloabder-20&linkCode=osi&th=1&psc=1"><img src="https://m.media-amazon.com/images/I/31tp596fu2L._SL500_.jpg" alt="Product Image"></a><p>BioSilk for Dogs Silk Therapy Detangling Plus Shine Mist for Dogs | Best Detangling Spray for All Dogs & Puppies for Shiny Coats and Dematting | 8 Oz Bottle (Packaging May Vary)</p><p> -11% 0FF </p><p>$8.92</p><a href="https://www.amazon.com/dp/B01330IKAA?tag=eloabder-20&linkCode=osi&th=1&psc=1">View Product</a></div><div class="product"><a href="https://www.amazon.com/dp/B00VC8DQX2?tag=eloabder-20&linkCode=osi&th=1&psc=1"><img src="https://m.media-amazon.com/images/I/41o8MrUqR1L._SL500_.jpg" alt="Product Image"></a><p>SleekEZ Dog Brush for Shedding & Dog Grooming Supplies | Pet Hair Removal Tool | Great For All Fur Types | For Short, Medium, & Long Hair Pets | Reduces Shedding by 95% | Made in USA | 1 pack | 5 inch</p><p> -15% 0FF </p><p>$19.97</p><a href="https://www.amazon.com/dp/B00VC8DQX2?tag=eloabder-20&linkCode=osi&th=1&psc=1">View Product</a></div><div class="product"><a href="https://www.amazon.com/dp/B0002H3RBU?tag=eloabder-20&linkCode=osi&th=1&psc=1"><img src="https://m.media-amazon.com/images/I/41G42uu7qBL._SL500_.jpg" alt="Product Image"></a><p>Miracle Care Kwik Stop Styptic Powder For Dogs, Cats and Birds, 0.5 Ounce, Fast Acting Blood Stop Powder with Pain Relieving Benzocaine</p><p> -5% 0FF </p><p>$9.99</p><a href="https://www.amazon.com/dp/B0002H3RBU?tag=eloabder-20&linkCode=osi&th=1&psc=1">View Product</a></div><div class="product"><a href="https://www.amazon.com/dp/B0CNZB3L28?tag=eloabder-20&linkCode=osi&th=1&psc=1"><img src="https://m.media-amazon.com/images/I/41XWOVhEWmL._SL500_.jpg" alt="Product Image"></a><p>MEDUWEDU Ear Cleaner Finger Wipes 60 Counts, Dog Ear Cleaner, Grooming Kit Care for Dogs and Cats, Soft & Easy Otic Cleaning Pads, Remove Wax, Dirt & Stop Smelly, Itchy, Non-Irritating, Coconut Scent</p><p> -13% 0FF </p><p>$6.97</p><a href="https://www.amazon.com/dp/B0CNZB3L28?tag=eloabder-20&linkCode=osi&th=1&psc=1">View Product</a></div><div class="product"><a href="https://www.amazon.com/dp/B01HRSZRXM?tag=eloabder-20&linkCode=osi&th=1&psc=1"><img src="https://m.media-amazon.com/images/I/51jzCKDndHL._SL500_.jpg" alt="Product Image"></a><p>oneisall Dog Clipper Low Noise, Dog Grooming Kit with Rechargeable, Pet Shaver Cordless Electric Quiet Hair Clipper Set for Dogs Cats Pets（Gold）</p><p> -25% 0FF </p><p>$29.99</p><a href="https://www.amazon.com/dp/B01HRSZRXM?tag=eloabder-20&linkCode=osi&th=1&psc=1">View Product</a></div>
<div class="product"><a href="https://www.amazon.com/dp/B07CXQQ4Q5?tag=eloabder-20&linkCode=osi&th=1&psc=1"><img src="https://m.media-amazon.com/images/I/41fZKGIVQRL._SL500_.jpg" alt="Product Image"></a><p>PetArmor 7 Way De-Wormer for Dogs, Oral Treatment for Tapeworm, Roundworm & Hookworm in Large Dogs & Puppies (Over 25 lbs), Worm Remover (Praziquantel & Pyrantel Pamoate), 2 Flavored Chewables</p><p> -10% 0FF </p><p>$18.00 ($9.00 / Count)</p><a href="https://www.amazon.com/dp/B07CXQQ4Q5?tag=eloabder-20&linkCode=osi&th=1&psc=1">View Product</a></div><div class="product"><a href="https://www.amazon.com/dp/B000O5DHT2?tag=eloabder-20&linkCode=osi&th=1&psc=1"><img src="https://m.media-amazon.com/images/I/41Am2odDJjL._SL500_.jpg" alt="Product Image"></a><p>Merial Zimecterin Gold Dewormer Paste for Horses, 7.35gm (Packaging May Vary)</p><p> -20% 0FF </p><p>$16.69</p><a href="https://www.amazon.com/dp/B000O5DHT2?tag=eloabder-20&linkCode=osi&th=1&psc=1">View Product</a></div><div class="product"><a href="https://www.amazon.com/dp/B078YCWFKK?tag=eloabder-20&linkCode=osi&th=1&psc=1"><img src="https://m.media-amazon.com/images/I/41+lFxJHMCL._SL500_.jpg" alt="Product Image"></a><p>Durvet 2251171 Wormer-Double Strength Liquid Dog</p><p> -8% 0FF </p><p>$27.78</p><a href="https://www.amazon.com/dp/B078YCWFKK?tag=eloabder-20&linkCode=osi&th=1&psc=1">View Product</a></div>
<div class="product"><a href="https://www.amazon.com/dp/B0BR5VST5N?tag=eloabder-20&linkCode=osi&th=1&psc=1"><img src="https://m.media-amazon.com/images/I/31smh+Fyk0L._SL500_.jpg" alt="Product Image"></a><p>IMIPAW Automatic Cat Feeders, 3L Timed Cat Dry Food Dispenser, Dual Power Supply, Programmable Portion Size, Auto Pet Feeder for Cats and Small Dogs</p><p> -28% 0FF </p><p>$25.99</p><a href="https://www.amazon.com/dp/B0BR5VST5N?tag=eloabder-20&linkCode=osi&th=1&psc=1">View Product</a></div><div class="product"><a href="https://www.amazon.com/dp/B0DF7H6SGZ?tag=eloabder-20&linkCode=osi&th=1&psc=1"><img src="https://m.media-amazon.com/images/I/41kiwgcXNWL._SL500_.jpg" alt="Product Image"></a><p>Automatic Cat Feeder, 4L Cat Food Dispenser with 10s Voice Recorder, Pet Feeder up to 8 Meals per Day, Timed Dog Feeder with Dry Food Sealed Ring (White, 4L-Basic)</p><p> -18% 0FF </p><p>$22.09</p><a href="https://www.amazon.com/dp/B0DF7H6SGZ?tag=eloabder-20&linkCode=osi&th=1&psc=1">View Product</a></div><div class="product"><a href="https://www.amazon.com/dp/B0DQLJJ5XT?tag=eloabder-20&linkCode=osi&th=1&psc=1"><img src="https://m.media-amazon.com/images/I/31AWcXWoThL._SL500_.jpg" alt="Product Image"></a><p>Dual Automatic Cat Feeder 2 Cats,6 Meals/Day,12 Portions/Meal,4.2L Dual Power Double Bowls Feeder,Dry Food Auto Pet Dispenser,10S Voice Record,Flexible Schedule Timer (Black,Stainless Dual Bowls)</p><p> -39% 0FF </p><p>$29.99</p><a href="https://www.amazon.com/dp/B0DQLJJ5XT?tag=eloabder-20&linkCode=osi&th=1&psc=1">View Product</a></div><div class="product"><a href="https://www.amazon.com/dp/B0DMFGFQ39?tag=eloabder-20&linkCode=osi&th=1&psc=1"><img src="https://m.media-amazon.com/images/I/31uwj+gO+sL._SL500_.jpg" alt="Product Image"></a><p>ZOMISIA Gravity Cat Feeder and Water Dispenser, 2 in 1 Cat Self Feeder with 180 Degree Rotatable, 2 Pack Automatic Feeding Large Capacity for Small Medium Dog Puppy Kitten, Black, 0.8 Gallon x 2</p><p> -21% 0FF </p><p>$28.49</p><a href="https://www.amazon.com/dp/B0DMFGFQ39?tag=eloabder-20&linkCode=osi&th=1&psc=1">View Product</a></div><div class="product"><a href="https://www.amazon.com/dp/B09S8WMJY9?tag=eloabder-20&linkCode=osi&th=1&psc=1"><img src="https://m.media-amazon.com/images/I/41BhIBNEoGL._SL500_.jpg" alt="Product Image"></a><p>PETLIBRO Automatic Cat Feeder, 5G WiFi Automatic Dog Food Dispenser with Freshness Preservation, 5L Timed Pet Feeder with Low Food Sensor, Up to 10 Meals Per Day, Granary Black</p><p> -30% 0FF </p><p>$69.99</p><a href="https://www.amazon.com/dp/B09S8WMJY9?tag=eloabder-20&linkCode=osi&th=1&psc=1">View Product</a></div><div class="product"><a href="https://www.amazon.com/dp/B0F1MQQ2S3?tag=eloabder-20&linkCode=osi&th=1&psc=1"><img src="https://m.media-amazon.com/images/I/41jCkjw2PhL._SL500_.jpg" alt="Product Image"></a><p>HoneyGuaridan Automatic Cat Feeder for Two Cats, Food Dispenser with Stainless Steel Bowl,Timed Cat Feeder Programmable 1-6 Meals Control, Dual Power Supply,10s Meal Call Black</p><p> -15% 0FF </p><p>$46.99</p><a href="https://www.amazon.com/dp/B0F1MQQ2S3?tag=eloabder-20&linkCode=osi&th=1&psc=1">View Product</a></div>

<div class="product"><a href="https://www.amazon.com/dp/B0FJ2NPL47?tag=eloabder-20&linkCode=osi&th=1&psc=1"><img src="https://m.media-amazon.com/images/I/51TDSHRvQDL._SL500_.jpg" alt="Product Image"></a><p>Pet Hair Removal Glove for Dogs & Cats, Newly Upgraded Reusable Electrostatic Pet Hair Gloves, Pet Hair Remover Tool for Clothing, Couch, Carpet, Car Seat</p><p> -15% 0FF </p><p>$16.99</p><a href="https://www.amazon.com/dp/B0FJ2NPL47?tag=eloabder-20&linkCode=osi&th=1&psc=1">View Product</a></div><div class="product"><a href="https://www.amazon.com/dp/B0DMWBS87F?tag=eloabder-20&linkCode=osi&th=1&psc=1"><img src="https://m.media-amazon.com/images/I/51Q8Cx4sNWL._SL500_.jpg" alt="Product Image"></a><p>Paw Science Dog Eye Wipes - Hypoallergenic Eye & Face Wipes for Dogs, Cats, & Puppy - Pet Tear Stain Remover & Cleaner - Gently Cleans & Removes Discharge, Crust, & Gunk (Coconut)</p><p> -36% 0FF </p><p>$8.99 ($0.09 / Count)</p><a href="https://www.amazon.com/dp/B0DMWBS87F?tag=eloabder-20&linkCode=osi&th=1&psc=1">View Product</a></div><div class="product"><a href="https://www.amazon.com/dp/B0FH6PZ6RZ?tag=eloabder-20&linkCode=osi&th=1&psc=1"><img src="https://m.media-amazon.com/images/I/414hJ-w970L._SL500_.jpg" alt="Product Image"></a><p>Dog Nail Grinder with 2 LED Lights Powerful 2 Speeds Super Quiet Dog Nail Trimmers with 3 Grinding Wheels Rechargeable Pet Dog Nail Clippers for Large Medium Puppy Dogs Nail File Cat Nail Clipper Blue</p><p> -5% 0FF </p><p>$18.99</p><a href="https://www.amazon.com/dp/B0FH6PZ6RZ?tag=eloabder-20&linkCode=osi&th=1&psc=1">View Product</a></div><div class="product"><a href="https://www.amazon.com/dp/B0FD9MGDKV?tag=eloabder-20&linkCode=osi&th=1&psc=1"><img src="https://m.media-amazon.com/images/I/51XGj6QgMcL._SL500_.jpg" alt="Product Image"></a><p>Pet Hair Removal Glove for Cats & Dogs, Upgraded Five-Finger Electrostatic Pet Hair Gloves, Reusable Magic Brush Pet Hair Remover Tool for Laundry, Couch, Carpet, Car Seat</p><p> -19% 0FF </p><p>$16.17</p><a href="https://www.amazon.com/dp/B0FD9MGDKV?tag=eloabder-20&linkCode=osi&th=1&psc=1">View Product</a></div>
<div class="product"><a href="https://www.amazon.com/dp/B09K8YYVWV?tag=eloabder-20&linkCode=osi&th=1&psc=1"><img src="https://m.media-amazon.com/images/I/4123dxF1ijL._SL500_.jpg" alt="Product Image"></a><p>Blue Buffalo Life Protection Formula Natural Adult Dry Dog Food, Chicken and Brown Rice 5-lb Trial Size Bag</p><p> -17% 0FF </p><p>$14.98 ($3.00 / lb)</p><a href="https://www.amazon.com/dp/B09K8YYVWV?tag=eloabder-20&linkCode=osi&th=1&psc=1">View Product</a></div><div class="product"><a href="https://www.amazon.com/dp/B0000AH3QT?tag=eloabder-20&linkCode=osi&th=1&psc=1"><img src="https://m.media-amazon.com/images/I/41FXHOzdCWL._SL500_.jpg" alt="Product Image"></a><p>Purina ONE Chicken and Rice Formula Dry Dog Food - 8 lb. Bag</p><p> -9% 0FF </p><p>$16.28 ($2.04 / Pound)</p><a href="https://www.amazon.com/dp/B0000AH3QT?tag=eloabder-20&linkCode=osi&th=1&psc=1">View Product</a></div><div class="product"><a href="https://www.amazon.com/dp/B0000AH3QW?tag=eloabder-20&linkCode=osi&th=1&psc=1"><img src="https://m.media-amazon.com/images/I/41jXsOOPPtL._SL500_.jpg" alt="Product Image"></a><p>Purina ONE Dry Dog Food Lamb and Rice Formula - 8 lb. Bag</p><p> -9% 0FF </p><p>$16.28 ($2.04 / pound)</p><a href="https://www.amazon.com/dp/B0000AH3QW?tag=eloabder-20&linkCode=osi&th=1&psc=1">View Product</a></div><div class="product"><a href="https://www.amazon.com/dp/B09K9FDLFN?tag=eloabder-20&linkCode=osi&th=1&psc=1"><img src="https://m.media-amazon.com/images/I/41fn4P3zY0L._SL500_.jpg" alt="Product Image"></a><p>Blue Buffalo Life Protection Formula Natural Adult Small Breed Dry Dog Food, Chicken and Brown Rice 5-lb Trial Size Bag</p><p> -15% 0FF </p><p>$16.98 ($3.40 / lb)</p><a href="https://www.amazon.com/dp/B09K9FDLFN?tag=eloabder-20&linkCode=osi&th=1&psc=1">View Product</a></div><div class="product"><a href="https://www.amazon.com/dp/B008NHLZ2Y?tag=eloabder-20&linkCode=osi&th=1&psc=1"><img src="https://m.media-amazon.com/images/I/51OqxCyPKTL._SL500_.jpg" alt="Product Image"></a><p>Cesar Wet Dog Food Classic Loaf in Sauce Beef Recipe, Filet Mignon, Grilled Chicken and Porterhouse Steak Variety Pack, 3.5 oz. Easy Peel Trays (24 Count, Pack of 1)</p><p> -11% 0FF </p><p>$24.94 ($1.04 / Count)</p><a href="https://www.amazon.com/dp/B008NHLZ2Y?tag=eloabder-20&linkCode=osi&th=1&psc=1">View Product</a></div><div class="product"><a href="https://www.amazon.com/dp/B00DE7WKVS?tag=eloabder-20&linkCode=osi&th=1&psc=1"><img src="https://m.media-amazon.com/images/I/514-XqvXJJL._SL500_.jpg" alt="Product Image"></a><p>Purina ONE True Instinct With A Blend Of Real Turkey and Venison Dry Dog Food - 15 lb. Bag</p><p> -9% 0FF </p><p>$32.28 ($2.15 / Pound)</p><a href="https://www.amazon.com/dp/B00DE7WKVS?tag=eloabder-20&linkCode=osi&th=1&psc=1">View Product</a></div>
<div class="product"><a href="https://www.amazon.com/dp/B007JXVR76?tag=eloabder-20&linkCode=osi&th=1&psc=1"><img src="https://m.media-amazon.com/images/I/41XRcLETtGL._SL500_.jpg" alt="Product Image"></a><p>Meow Mix Original Choice Dry Cat Food, 6.3 Pound Bag</p><p> -6% 0FF </p><p>$9.29 ($1.47 / lb)</p><a href="https://www.amazon.com/dp/B007JXVR76?tag=eloabder-20&linkCode=osi&th=1&psc=1">View Product</a></div><div class="product"><a href="https://www.amazon.com/dp/B0D9MW74TG?tag=eloabder-20&linkCode=osi&th=1&psc=1"><img src="https://m.media-amazon.com/images/I/51CSHkalU1L._SL500_.jpg" alt="Product Image"></a><p>Meow Mix Gravy Bursts Dry Cat Food, Chicken, 3 LB Bag</p><p> -16% 0FF </p><p>$5.72 ($1.91 / lb)</p><a href="https://www.amazon.com/dp/B0D9MW74TG?tag=eloabder-20&linkCode=osi&th=1&psc=1">View Product</a></div><div class="product"><a href="https://www.amazon.com/dp/B01H3OA7KI?tag=eloabder-20&linkCode=osi&th=1&psc=1"><img src="https://m.media-amazon.com/images/I/51vds1pph5L._SL500_.jpg" alt="Product Image"></a><p>Purina Cat Chow Hairball, Healthy Weight, Indoor, Natural Dry Cat Food, Naturals Indoor - 13 lb. Bag</p><p> -6% 0FF </p><p>$16.99 ($1.31 / lb)</p><a href="https://www.amazon.com/dp/B01H3OA7KI?tag=eloabder-20&linkCode=osi&th=1&psc=1">View Product</a></div><div class="product"><a href="https://www.amazon.com/dp/B01BKYFR7K?tag=eloabder-20&linkCode=osi&th=1&psc=1"><img src="https://m.media-amazon.com/images/I/41GYcHtJdcL._SL500_.jpg" alt="Product Image"></a><p>IAMS Proactive Health Indoor Weight Control & Hairball Care Adult Dry Cat Food, Chicken & Turkey Recipe, 7 lb. Bag</p><p> -11% 0FF </p><p>$16.97 ($2.42 / lb)</p><a href="https://www.amazon.com/dp/B01BKYFR7K?tag=eloabder-20&linkCode=osi&th=1&psc=1">View Product</a></div>
<div class="product"><a href="https://www.amazon.com/dp/B003PMQMK2?tag=eloabder-20&linkCode=osi&th=1&psc=1"><img src="https://m.media-amazon.com/images/I/51rKBA3bcNL._SL500_.jpg" alt="Product Image"></a><p>Milk-Bone MaroSnacks Small Dog Treats With Bone Marrow, 40 Ounce Container</p><p> -21% 0FF </p><p>$11.48 ($4.59 / lb)</p><a href="https://www.amazon.com/dp/B003PMQMK2?tag=eloabder-20&linkCode=osi&th=1&psc=1">View Product</a></div><div class="product"><a href="https://www.amazon.com/dp/B07BVL8TQF?tag=eloabder-20&linkCode=osi&th=1&psc=1"><img src="https://m.media-amazon.com/images/I/41V12A43ClL._SL500_.jpg" alt="Product Image"></a><p>Good ‘n’ Fun Triple Flavor Kabobs Chews for All Dogs, 24 Ounces, Treat Your Dog to Chews Made from Beef Hide, Real Chicken, Pork Hide, Duck and Chicken Liver</p><p> -27% 0FF </p><p>$15.98 ($10.65 / lb)</p><a href="https://www.amazon.com/dp/B07BVL8TQF?tag=eloabder-20&linkCode=osi&th=1&psc=1">View Product</a></div><div class="product"><a href="https://www.amazon.com/dp/B006HKA6II?tag=eloabder-20&linkCode=osi&th=1&psc=1"><img src="https://m.media-amazon.com/images/I/41sdmNauoVL._SL500_.jpg" alt="Product Image"></a><p>Milk-Bone Soft & Chewy Dog Treats, Beef & Filet Mignon Recipe, 25 Ounce</p><p> -7% 0FF </p><p>$14.48 ($9.27 / lb)</p><a href="https://www.amazon.com/dp/B006HKA6II?tag=eloabder-20&linkCode=osi&th=1&psc=1">View Product</a></div><div class="product"><a href="https://www.amazon.com/dp/B006W6YHHI?tag=eloabder-20&linkCode=osi&th=1&psc=1"><img src="https://m.media-amazon.com/images/I/51VcU1tm-7L._SL500_.jpg" alt="Product Image"></a><p>Greenies Original Regular Dental Dog Treats, 36 oz. Pack (36 Treats)</p><p> -8% 0FF </p><p>$36.97 ($16.43 / lb)</p><a href="https://www.amazon.com/dp/B006W6YHHI?tag=eloabder-20&linkCode=osi&th=1&psc=1">View Product</a></div><div class="product"><a href="https://www.amazon.com/dp/B07D323MFZ?tag=eloabder-20&linkCode=osi&th=1&psc=1"><img src="https://m.media-amazon.com/images/I/41OTio6+siL._SL500_.jpg" alt="Product Image"></a><p>INABA Churu Cat Treats, Grain-Free, Lickable, Squeezable Creamy Purée Cat Treat/Topper with Vitamin E & Taurine, 0.5 Ounces Each Tube, 50 Tubes, Tuna & Chicken Variety</p><p> -18% 0FF </p><p>$32.96 ($1.32 / Ounce)</p><a href="https://www.amazon.com/dp/B07D323MFZ?tag=eloabder-20&linkCode=osi&th=1&psc=1">View Product</a></div><div class="product"><a href="https://www.amazon.com/dp/B09MZDFLSV?tag=eloabder-20&linkCode=osi&th=1&psc=1"><img src="https://m.media-amazon.com/images/I/51mXUxhYDiL._SL500_.jpg" alt="Product Image"></a><p>Full Moon All Natural Human Grade Dog Treats, Essential Beef Savory Sticks, 22 Ounce, 1.375 Pound (Pack of 1)</p><p> -10% 0FF </p><p>$17.94 ($13.05 / lb)</p><a href="https://www.amazon.com/dp/B09MZDFLSV?tag=eloabder-20&linkCode=osi&th=1&psc=1">View Product</a></div><div class="product"><a href="https://www.amazon.com/dp/B07BVLGZW6?tag=eloabder-20&linkCode=osi&th=1&psc=1"><img src="https://m.media-amazon.com/images/I/51g5KoU0RiL._SL500_.jpg" alt="Product Image"></a><p>Good ‘n’ Fun Triple Flavor Wings Chews for All Dogs, 12 Ounces, Treat Your Dog to Long-Lasting Chews Made with Chicken, Pork Hide and Beef Hide</p><p> -27% 0FF </p><p>$10.48 ($13.97 / lb)</p><a href="https://www.amazon.com/dp/B07BVLGZW6?tag=eloabder-20&linkCode=osi&th=1&psc=1">View Product</a></div>
<div class="product"><a href="https://www.amazon.com/dp/B01EX0H12M?tag=eloabder-20&linkCode=osi&th=1&psc=1"><img src="https://m.media-amazon.com/images/I/41tpUtk3FGL._SL500_.jpg" alt="Product Image"></a><p>Full Moon Chicken Jerky Healthy All Natural Dog Treats Human Grade Made in USA Grain Free, 1.5 Pound (Pack of 1)</p><p> -19% 0FF </p><p>$26.44 ($17.63 / lb)</p><a href="https://www.amazon.com/dp/B01EX0H12M?tag=eloabder-20&linkCode=osi&th=1&psc=1">View Product</a></div>
<div class="product"><a href="https://www.amazon.com/dp/B07BTRHM75?tag=eloabder-20&linkCode=osi&th=1&psc=1"><img src="https://m.media-amazon.com/images/I/51yN5sax9BL._SL500_.jpg" alt="Product Image"></a><p>Delectables Bisque Lickable Wet Cat Treats - Chicken, Tuna & Shrimp, 12 count</p><p> -9% 0FF </p><p>$12.94 ($0.77 / Ounce)</p><a href="https://www.amazon.com/dp/B07BTRHM75?tag=eloabder-20&linkCode=osi&th=1&psc=1">View Product</a></div><div class="product"><a href="https://www.amazon.com/dp/B00M0FK8UU?tag=eloabder-20&linkCode=osi&th=1&psc=1"><img src="https://m.media-amazon.com/images/I/517+RuVAECL._SL500_.jpg" alt="Product Image"></a><p>Temptations MixUps Surfer's Delight Flavor Crunchy and Soft Cat Treats, 16 oz. Tub</p><p> -8% 0FF </p><p>$7.80 ($0.49 / Ounce)</p><a href="https://www.amazon.com/dp/B00M0FK8UU?tag=eloabder-20&linkCode=osi&th=1&psc=1">View Product</a></div><div class="product"><a href="https://www.amazon.com/dp/B07KGXQ1WC?tag=eloabder-20&linkCode=osi&th=1&psc=1"><img src="https://m.media-amazon.com/images/I/51lx-r6UP1L._SL500_.jpg" alt="Product Image"></a><p>Temptations Classic Crunchy and Soft Cat Treats, Shrimpy Shrimp Flavor, 16 oz. Tub</p><p> -25% 0FF </p><p>$6.36 ($0.40 / Ounce)</p><a href="https://www.amazon.com/dp/B07KGXQ1WC?tag=eloabder-20&linkCode=osi&th=1&psc=1">View Product</a></div>
<div class="product"><a href="https://www.amazon.com/dp/B0BHN7K52L?tag=eloabder-20&linkCode=osi&th=1&psc=1"><img src="https://m.media-amazon.com/images/I/41VtkP72E7L._SL500_.jpg" alt="Product Image"></a><p>Dog Toys for Aggresive Chewers - Tough,Indestructible Dog Toys for Large, Medium,Small Breed to Keep Them Busy</p><p> -38% 0FF </p><p>$9.99</p><a href="https://www.amazon.com/dp/B0BHN7K52L?tag=eloabder-20&linkCode=osi&th=1&psc=1">View Product</a></div><div class="product"><a href="https://www.amazon.com/dp/B000F4AVPA?tag=eloabder-20&linkCode=osi&th=1&psc=1"><img src="https://m.media-amazon.com/images/I/31NKTw5DUeL._SL500_.jpg" alt="Product Image"></a><p>Chuckit! Ultra Ball Dog Toy - Medium Bouncy Fetch Balls For Dogs 20-60 lbs - Made from Durable Rubber - Floating Water Pet Toys - Size Medium - 2.5-inch Diameter - Pack of 2</p><p> -35% 0FF </p><p>$7.13</p><a href="https://www.amazon.com/dp/B000F4AVPA?tag=eloabder-20&linkCode=osi&th=1&psc=1">View Product</a></div><div class="product"><a href="https://www.amazon.com/dp/B0B1LVKG8D?tag=eloabder-20&linkCode=osi&th=1&psc=1"><img src="https://m.media-amazon.com/images/I/51bjl2slJTL._SL500_.jpg" alt="Product Image"></a><p>Fuufome Large Squeaky Dog Toys- Plush Dog Toys with Soft Fabric for Small, Medium, and Large Dogs Daily Companionship, Training Reward Gift</p><p> -41% 0FF </p><p>$9.49</p><a href="https://www.amazon.com/dp/B0B1LVKG8D?tag=eloabder-20&linkCode=osi&th=1&psc=1">View Product</a></div>

<div class="product"><a href="https://www.amazon.com/dp/B01AHM6P18?tag=eloabder-20&linkCode=osi&th=1&psc=1"><img src="https://m.media-amazon.com/images/I/51z5bUF-cpL._SL500_.jpg" alt="Product Image"></a><p>Fashion's Talk Cat Toys Variety Pack for Kitty 20 Pieces</p><p> -21% 0FF </p><p>$9.49</p><a href="https://www.amazon.com/dp/B01AHM6P18?tag=eloabder-20&linkCode=osi&th=1&psc=1">View Product</a></div><div class="product"><a href="https://www.amazon.com/dp/B0DG1X5KHM?tag=eloabder-20&linkCode=osi&th=1&psc=1"><img src="https://m.media-amazon.com/images/I/31YvLOoWZsL._SL500_.jpg" alt="Product Image"></a><p>Jkanti Interactive Cat Toys for Indoor Cats,The 3rd Generation Agile Moving Cat Ball with Elastic Mesh Tail,Automatic Kitten Toys for Bored Indoor Adult Cats,Motion Activated (Orange)</p><p> -10% 0FF </p><p>$17.99</p><a href="https://www.amazon.com/dp/B0DG1X5KHM?tag=eloabder-20&linkCode=osi&th=1&psc=1">View Product</a></div><div class="product"><a href="https://www.amazon.com/dp/B0D6W8B4FM?tag=eloabder-20&linkCode=osi&th=1&psc=1"><img src="https://m.media-amazon.com/images/I/31tkIoBZ3tL._SL500_.jpg" alt="Product Image"></a><p>TBTeek Cat Toys, USB Rechargeable Kitten Toy, 3 Light Modes & 5 Adjustable Patterns, Portable Interactive Pet Dog Cat Mouse Toy for Fun Chase Play Exercise</p><p> -13% 0FF </p><p>$6.97</p><a href="https://www.amazon.com/dp/B0D6W8B4FM?tag=eloabder-20&linkCode=osi&th=1&psc=1">View Product</a></div><div class="product"><a href="https://www.amazon.com/dp/B0CZ3YD1V6?tag=eloabder-20&linkCode=osi&th=1&psc=1"><img src="https://m.media-amazon.com/images/I/41nrT5-eUfL._SL500_.jpg" alt="Product Image"></a><p>Potaroma Cat Toys Chew Ropes 3Pcs with Refillable Natural Catnip, Safe Teeth Cleaning Toy for Indoor Kittens, Interactive Cat Nip Kitty Toys for All Breeds 19.5 Inches</p><p> -42% 0FF </p><p>$7.59</p><a href="https://www.amazon.com/dp/B0CZ3YD1V6?tag=eloabder-20&linkCode=osi&th=1&psc=1">View Product</a></div><div class="product"><a href="https://www.amazon.com/dp/B09WHBG4DV?tag=eloabder-20&linkCode=osi&th=1&psc=1"><img src="https://m.media-amazon.com/images/I/41eXntBWimL._SL500_.jpg" alt="Product Image"></a><p>Potaroma Cat Toys Pillows, 3 Pack, Soft and Durable Crinkle Sound with Catnip Inside, Interactive Indoor Kitten Kicker, Promotes Kitty Exercise</p><p> -38% 0FF </p><p>$9.98</p><a href="https://www.amazon.com/dp/B09WHBG4DV?tag=eloabder-20&linkCode=osi&th=1&psc=1">View Product</a></div>
<div class="product"><a href="https://www.amazon.com/dp/B08CXGYW1Q?tag=eloabder-20&linkCode=osi&th=1&psc=1"><img src="https://m.media-amazon.com/images/I/51TwJcM8A9L._SL500_.jpg" alt="Product Image"></a><p>Bedsure Calming Dog Bed Medium Size Dog - Donut Washable Medium Pet Bed, 30 inches Anti-Slip Round Fluffy Plush Faux Fur Cat Bed, Fits up to 45 lbs Pets, Camel</p><p> -7% 0FF </p><p>$39.99</p><a href="https://www.amazon.com/dp/B08CXGYW1Q?tag=eloabder-20&linkCode=osi&th=1&psc=1">View Product</a></div><div class="product"><a href="https://www.amazon.com/dp/B0DBYVR7LH?tag=eloabder-20&linkCode=osi&th=1&psc=1"><img src="https://m.media-amazon.com/images/I/51Mdi5roe1L._SL500_.jpg" alt="Product Image"></a><p>Hoewina Dog & Cat Bed for Indoor Cats, 20in Calming Donut Bed for Puppy and Kitten, Washable Round Fluffy Pet Bed for Small Medium Dogs and Cats (Light Grey)</p><p> -18% 0FF </p><p>$9.85</p><a href="https://www.amazon.com/dp/B0DBYVR7LH?tag=eloabder-20&linkCode=osi&th=1&psc=1">View Product</a></div><div class="product"><a href="https://www.amazon.com/dp/B0FBLRWFC1?tag=eloabder-20&linkCode=osi&th=1&psc=1"><img src="https://m.media-amazon.com/images/I/41qIhp9dq7L._SL500_.jpg" alt="Product Image"></a><p>Donut Dog Bed for Small Medium Dogs Cats, 18 inch Calming Washable-Round Cozy Soft Pet Bed for Puppy and Kitten with Slip-Resistant Bottom</p><p> -50% 0FF </p><p>$9.99</p><a href="https://www.amazon.com/dp/B0FBLRWFC1?tag=eloabder-20&linkCode=osi&th=1&psc=1">View Product</a></div><div class="product"><a href="https://www.amazon.com/dp/B000TZ73EW?tag=eloabder-20&linkCode=osi&th=1&psc=1"><img src="https://m.media-amazon.com/images/I/41PrtjgWzEL._SL500_.jpg" alt="Product Image"></a><p>MidWest Homes for Pets QuietTime XXS Dog Bed – Cinnamon Faux Fur Bolster, Ultra-Soft and Machine Washable, Fits 18-Inch Crates and Carriers, for Small Dogs and Cats</p><p> -13% 0FF </p><p>$11.33</p><a href="https://www.amazon.com/dp/B000TZ73EW?tag=eloabder-20&linkCode=osi&th=1&psc=1">View Product</a></div>

<div class="product"><a href="https://www.amazon.com/dp/B07MFYSKCL?tag=eloabder-20&linkCode=osi&th=1&psc=1"><img src="https://m.media-amazon.com/images/I/41WrfqDuWpL._SL500_.jpg" alt="Product Image"></a><p>Love's cabin Round Donut Cat and Dog Cushion Bed, 20in Bed for Cats or Small Dogs, Anti-Slip & Water-Resistant Bottom, Super Soft Durable Fabric Pet Beds, Washable Luxury Cat & Dog Bed Gray</p><p> -20% 0FF </p><p>$15.99</p><a href="https://www.amazon.com/dp/B07MFYSKCL?tag=eloabder-20&linkCode=osi&th=1&psc=1">View Product</a></div><div class="product"><a href="https://www.amazon.com/dp/B08CY5VR5W?tag=eloabder-20&linkCode=osi&th=1&psc=1"><img src="https://m.media-amazon.com/images/I/51Hp7ZTQiFL._SL500_.jpg" alt="Product Image"></a><p>Bedsure Cat Beds for Indoor Cats - Large Cat Cave for Pet Cat House with Fluffy Ball Hanging and Scratch Pad, Foldable Cat Hideaway, 16.5x16.5x13 inches, Grey</p><p> -20% 0FF </p><p>$23.99</p><a href="https://www.amazon.com/dp/B08CY5VR5W?tag=eloabder-20&linkCode=osi&th=1&psc=1">View Product</a></div><div class="product"><a href="https://www.amazon.com/dp/B06XF6VH2N?tag=eloabder-20&linkCode=osi&th=1&psc=1"><img src="https://m.media-amazon.com/images/I/41+7YS2mbWL._SL500_.jpg" alt="Product Image"></a><p>Furhaven ThermaNAP Self-Warming Cat Bed for Indoor Cats & Small Dogs, Washable & Reflects Body Heat - Quilted Faux Fur Reflective Bed Mat - Gray, Small</p><p> -8% 0FF </p><p>$11.99</p><a href="https://www.amazon.com/dp/B06XF6VH2N?tag=eloabder-20&linkCode=osi&th=1&psc=1">View Product</a></div><div class="product"><a href="https://www.amazon.com/dp/B0DDKRS437?tag=eloabder-20&linkCode=osi&th=1&psc=1"><img src="https://m.media-amazon.com/images/I/31eWtW2c9JL._SL500_.jpg" alt="Product Image"></a><p>BALANCE Cat Bed Kitten Bed, Washable Round Cat Beds for Indoor Cats, Super Soft Plush Faux Fur Pet Bed for Puppy and Kitten with Anti-Slip Bottom</p><p> -21% 0FF </p><p>$28.49</p><a href="https://www.amazon.com/dp/B0DDKRS437?tag=eloabder-20&linkCode=osi&th=1&psc=1">View Product</a></div>
<div class="product"><a href="https://www.amazon.com/dp/B0BFG9Z2P9?tag=eloabder-20&linkCode=osi&th=1&psc=1"><img src="https://m.media-amazon.com/images/I/418f7l64RZL._SL500_.jpg" alt="Product Image"></a><p>Tomkas Small Dog Sling Carrier - Classic Pocket & Classic Strap - for 3-10 lbs Pets(Black)</p><p> -5% 0FF </p><p>$13.29</p><a href="https://www.amazon.com/dp/B0BFG9Z2P9?tag=eloabder-20&linkCode=osi&th=1&psc=1">View Product</a></div>
<div class="product"><a href="https://www.amazon.com/dp/B0CTF8S82M?tag=eloabder-20&linkCode=osi&th=1&psc=1"><img src="https://m.media-amazon.com/images/I/31iR7d1zNSL._SL500_.jpg" alt="Product Image"></a><p>Dog Carrier Sling - Reversible Puppy Carrier Purse with Storage Pocket, Hand-Free Dog Sling Carrier for Carry Small Dogs and Cats, Travel Safety Harness, Dog and Cat Harness(Black)</p><p> -17% 0FF </p><p>$9.99</p><a href="https://www.amazon.com/dp/B0CTF8S82M?tag=eloabder-20&linkCode=osi&th=1&psc=1">View Product</a></div><div class="product"><a href="https://www.amazon.com/dp/B09MJ131L5?tag=eloabder-20&linkCode=osi&th=1&psc=1"><img src="https://m.media-amazon.com/images/I/51vCG0gYKFL._SL500_.jpg" alt="Product Image"></a><p>GAPZER Pet Carrier for Large Cats, Soft-Sided Cat Carrier for Medium Big Cats and Puppy up to 20lbs, Washable Dog Carrier Privacy Protection for Home Outdoor Travel</p><p> -25% 0FF </p><p>$29.99</p><a href="https://www.amazon.com/dp/B09MJ131L5?tag=eloabder-20&linkCode=osi&th=1&psc=1">View Product</a></div><div class="product"><a href="https://www.amazon.com/dp/B0CGB1SRGH?tag=eloabder-20&linkCode=osi&th=1&psc=1"><img src="https://m.media-amazon.com/images/I/51x07O9JhRL._SL500_.jpg" alt="Product Image"></a><p>Soft Sided Cat/Dog Carrier,Collapsible Pets Travel Carriers for Pet/Puppy with Shoulder Strap & Removable Mat,Mesh Top Load Small Dogs/Cats Carry Bag Up to 17 Lbs TSA Airline Approved（Black,M）</p><p> -15% 0FF </p><p>$17.77 ($17.77 / Count)</p><a href="https://www.amazon.com/dp/B0CGB1SRGH?tag=eloabder-20&linkCode=osi&th=1&psc=1">View Product</a></div>

<div class="product"><a href="https://www.amazon.com/dp/B0BHYZV3HY?tag=eloabder-20&linkCode=osi&th=1&psc=1"><img src="https://m.media-amazon.com/images/I/51GsL7XYrvL._SL500_.jpg" alt="Product Image"></a><p>oneisall Dog Grooming Vacuum, Pet Grooming Vacuum with Clipper Nail Grinder, 1.5L Dust Cup Dog deshedding Vacuum Brush with 7 Pet Grooming Tools for Shedding Pet Hair, Home Cleaning(Blue)</p><p> -9% 0FF </p><p>$99.99</p><a href="https://www.amazon.com/dp/B0BHYZV3HY?tag=eloabder-20&linkCode=osi&th=1&psc=1">View Product</a></div><div class="product"><a href="https://www.amazon.com/dp/B01330IKAA?tag=eloabder-20&linkCode=osi&th=1&psc=1"><img src="https://m.media-amazon.com/images/I/31tp596fu2L._SL500_.jpg" alt="Product Image"></a><p>BioSilk for Dogs Silk Therapy Detangling Plus Shine Mist for Dogs | Best Detangling Spray for All Dogs & Puppies for Shiny Coats and Dematting | 8 Oz Bottle (Packaging May Vary)</p><p> -11% 0FF </p><p>$8.92</p><a href="https://www.amazon.com/dp/B01330IKAA?tag=eloabder-20&linkCode=osi&th=1&psc=1">View Product</a></div><div class="product"><a href="https://www.amazon.com/dp/B00VC8DQX2?tag=eloabder-20&linkCode=osi&th=1&psc=1"><img src="https://m.media-amazon.com/images/I/41o8MrUqR1L._SL500_.jpg" alt="Product Image"></a><p>SleekEZ Dog Brush for Shedding & Dog Grooming Supplies | Pet Hair Removal Tool | Great For All Fur Types | For Short, Medium, & Long Hair Pets | Reduces Shedding by 95% | Made in USA | 1 pack | 5 inch</p><p> -15% 0FF </p><p>$19.97</p><a href="https://www.amazon.com/dp/B00VC8DQX2?tag=eloabder-20&linkCode=osi&th=1&psc=1">View Product</a></div><div class="product"><a href="https://www.amazon.com/dp/B0002H3RBU?tag=eloabder-20&linkCode=osi&th=1&psc=1"><img src="https://m.media-amazon.com/images/I/41G42uu7qBL._SL500_.jpg" alt="Product Image"></a><p>Miracle Care Kwik Stop Styptic Powder For Dogs, Cats and Birds, 0.5 Ounce, Fast Acting Blood Stop Powder with Pain Relieving Benzocaine</p><p> -5% 0FF </p><p>$9.99</p><a href="https://www.amazon.com/dp/B0002H3RBU?tag=eloabder-20&linkCode=osi&th=1&psc=1">View Product</a></div><div class="product"><a href="https://www.amazon.com/dp/B0CNZB3L28?tag=eloabder-20&linkCode=osi&th=1&psc=1"><img src="https://m.media-amazon.com/images/I/41XWOVhEWmL._SL500_.jpg" alt="Product Image"></a><p>MEDUWEDU Ear Cleaner Finger Wipes 60 Counts, Dog Ear Cleaner, Grooming Kit Care for Dogs and Cats, Soft & Easy Otic Cleaning Pads, Remove Wax, Dirt & Stop Smelly, Itchy, Non-Irritating, Coconut Scent</p><p> -13% 0FF </p><p>$6.97</p><a href="https://www.amazon.com/dp/B0CNZB3L28?tag=eloabder-20&linkCode=osi&th=1&psc=1">View Product</a></div><div class="product"><a href="https://www.amazon.com/dp/B01HRSZRXM?tag=eloabder-20&linkCode=osi&th=1&psc=1"><img src="https://m.media-amazon.com/images/I/51jzCKDndHL._SL500_.jpg" alt="Product Image"></a><p>oneisall Dog Clipper Low Noise, Dog Grooming Kit with Rechargeable, Pet Shaver Cordless Electric Quiet Hair Clipper Set for Dogs Cats Pets（Gold）</p><p> -25% 0FF </p><p>$29.99</p><a href="https://www.amazon.com/dp/B01HRSZRXM?tag=eloabder-20&linkCode=osi&th=1&psc=1">View Product</a></div>
<div class="product"><a href="https://www.amazon.com/dp/B07CXQQ4Q5?tag=eloabder-20&linkCode=osi&th=1&psc=1"><img src="https://m.media-amazon.com/images/I/41fZKGIVQRL._SL500_.jpg" alt="Product Image"></a><p>PetArmor 7 Way De-Wormer for Dogs, Oral Treatment for Tapeworm, Roundworm & Hookworm in Large Dogs & Puppies (Over 25 lbs), Worm Remover (Praziquantel & Pyrantel Pamoate), 2 Flavored Chewables</p><p> -10% 0FF </p><p>$18.00 ($9.00 / Count)</p><a href="https://www.amazon.com/dp/B07CXQQ4Q5?tag=eloabder-20&linkCode=osi&th=1&psc=1">View Product</a></div><div class="product"><a href="https://www.amazon.com/dp/B000O5DHT2?tag=eloabder-20&linkCode=osi&th=1&psc=1"><img src="https://m.media-amazon.com/images/I/41Am2odDJjL._SL500_.jpg" alt="Product Image"></a><p>Merial Zimecterin Gold Dewormer Paste for Horses, 7.35gm (Packaging May Vary)</p><p> -20% 0FF </p><p>$16.69</p><a href="https://www.amazon.com/dp/B000O5DHT2?tag=eloabder-20&linkCode=osi&th=1&psc=1">View Product</a></div><div class="product"><a href="https://www.amazon.com/dp/B078YCWFKK?tag=eloabder-20&linkCode=osi&th=1&psc=1"><img src="https://m.media-amazon.com/images/I/41+lFxJHMCL._SL500_.jpg" alt="Product Image"></a><p>Durvet 2251171 Wormer-Double Strength Liquid Dog</p><p> -8% 0FF </p><p>$27.78</p><a href="https://www.amazon.com/dp/B078YCWFKK?tag=eloabder-20&linkCode=osi&th=1&psc=1">View Product</a></div>
<div class="product"><a href="https://www.amazon.com/dp/B0BR5VST5N?tag=eloabder-20&linkCode=osi&th=1&psc=1"><img src="https://m.media-amazon.com/images/I/31smh+Fyk0L._SL500_.jpg" alt="Product Image"></a><p>IMIPAW Automatic Cat Feeders, 3L Timed Cat Dry Food Dispenser, Dual Power Supply, Programmable Portion Size, Auto Pet Feeder for Cats and Small Dogs</p><p> -28% 0FF </p><p>$25.99</p><a href="https://www.amazon.com/dp/B0BR5VST5N?tag=eloabder-20&linkCode=osi&th=1&psc=1">View Product</a></div><div class="product"><a href="https://www.amazon.com/dp/B0DF7H6SGZ?tag=eloabder-20&linkCode=osi&th=1&psc=1"><img src="https://m.media-amazon.com/images/I/41kiwgcXNWL._SL500_.jpg" alt="Product Image"></a><p>Automatic Cat Feeder, 4L Cat Food Dispenser with 10s Voice Recorder, Pet Feeder up to 8 Meals per Day, Timed Dog Feeder with Dry Food Sealed Ring (White, 4L-Basic)</p><p> -18% 0FF </p><p>$22.09</p><a href="https://www.amazon.com/dp/B0DF7H6SGZ?tag=eloabder-20&linkCode=osi&th=1&psc=1">View Product</a></div><div class="product"><a href="https://www.amazon.com/dp/B0DQLJJ5XT?tag=eloabder-20&linkCode=osi&th=1&psc=1"><img src="https://m.media-amazon.com/images/I/31AWcXWoThL._SL500_.jpg" alt="Product Image"></a><p>Dual Automatic Cat Feeder 2 Cats,6 Meals/Day,12 Portions/Meal,4.2L Dual Power Double Bowls Feeder,Dry Food Auto Pet Dispenser,10S Voice Record,Flexible Schedule Timer (Black,Stainless Dual Bowls)</p><p> -39% 0FF </p><p>$29.99</p><a href="https://www.amazon.com/dp/B0DQLJJ5XT?tag=eloabder-20&linkCode=osi&th=1&psc=1">View Product</a></div><div class="product"><a href="https://www.amazon.com/dp/B0DMFGFQ39?tag=eloabder-20&linkCode=osi&th=1&psc=1"><img src="https://m.media-amazon.com/images/I/31uwj+gO+sL._SL500_.jpg" alt="Product Image"></a><p>ZOMISIA Gravity Cat Feeder and Water Dispenser, 2 in 1 Cat Self Feeder with 180 Degree Rotatable, 2 Pack Automatic Feeding Large Capacity for Small Medium Dog Puppy Kitten, Black, 0.8 Gallon x 2</p><p> -21% 0FF </p><p>$28.49</p><a href="https://www.amazon.com/dp/B0DMFGFQ39?tag=eloabder-20&linkCode=osi&th=1&psc=1">View Product</a></div><div class="product"><a href="https://www.amazon.com/dp/B09S8WMJY9?tag=eloabder-20&linkCode=osi&th=1&psc=1"><img src="https://m.media-amazon.com/images/I/41BhIBNEoGL._SL500_.jpg" alt="Product Image"></a><p>PETLIBRO Automatic Cat Feeder, 5G WiFi Automatic Dog Food Dispenser with Freshness Preservation, 5L Timed Pet Feeder with Low Food Sensor, Up to 10 Meals Per Day, Granary Black</p><p> -30% 0FF </p><p>$69.99</p><a href="https://www.amazon.com/dp/B09S8WMJY9?tag=eloabder-20&linkCode=osi&th=1&psc=1">View Product</a></div><div class="product"><a href="https://www.amazon.com/dp/B0F1MQQ2S3?tag=eloabder-20&linkCode=osi&th=1&psc=1"><img src="https://m.media-amazon.com/images/I/41jCkjw2PhL._SL500_.jpg" alt="Product Image"></a><p>HoneyGuaridan Automatic Cat Feeder for Two Cats, Food Dispenser with Stainless Steel Bowl,Timed Cat Feeder Programmable 1-6 Meals Control, Dual Power Supply,10s Meal Call Black</p><p> -15% 0FF </p><p>$46.99</p><a href="https://www.amazon.com/dp/B0F1MQQ2S3?tag=eloabder-20&linkCode=osi&th=1&psc=1">View Product</a></div>
<div class="product"><a href="https://www.amazon.com/dp/B0C4TF7Z92?tag=eloabder-20&linkCode=osi&th=1&psc=1"><img src="https://m.media-amazon.com/images/I/51I2UG6QOyL._SL500_.jpg" alt="Product Image"></a><p>NEEZUKAR Dog Car Seat for Small Medium Dogs,Detachable Washable Dog Booster Seat Under 30lbs, Pet Car Seat Travel Bed with Storage Pockets and Dog Safety Belt (Black)</p><p> -10% 0FF </p><p>$44.99 ($44.99 / Count)</p><a href="https://www.amazon.com/dp/B0C4TF7Z92?tag=eloabder-20&linkCode=osi&th=1&psc=1">View Product</a></div><div class="product"><a href="https://www.amazon.com/dp/B0CB2S7PVV?tag=eloabder-20&linkCode=osi&th=1&psc=1"><img src="https://m.media-amazon.com/images/I/51+FMM25wiL._SL500_.jpg" alt="Product Image"></a><p>Dog Car Seat - Memory Foam Dog Booster Seat for Small Dogs Up to 25lbs-Elevated Pet Car Seat with Storage Pockets and Dog Seat Belt-Soft Pet Travel Bed for Front & Back Seats-Removable Washable-Grey</p><p> -28% 0FF </p><p>$35.97 ($0.45 / Count)</p><a href="https://www.amazon.com/dp/B0CB2S7PVV?tag=eloabder-20&linkCode=osi&th=1&psc=1">View Product</a></div><div class="product"><a href="https://www.amazon.com/dp/B0B8VF4MW1?tag=eloabder-20&linkCode=osi&th=1&psc=1"><img src="https://m.media-amazon.com/images/I/51sbdmnFJwL._SL500_.jpg" alt="Product Image"></a><p>PETSFIT Dog Car Seats for Small Dogs, Patent Safe Buckles Dog Booster Car Seat, Cat Cars Seat with Safety Belt, Suitable for Small Pets Up to 25lbs (Grey)</p><p> -9% 0FF </p><p>$35.97</p><a href="https://www.amazon.com/dp/B0B8VF4MW1?tag=eloabder-20&linkCode=osi&th=1&psc=1">View Product</a></div><div class="product"><a href="https://www.amazon.com/dp/B0C811NJ98?tag=eloabder-20&linkCode=osi&th=1&psc=1"><img src="https://m.media-amazon.com/images/I/51MjeG4jB6L._SL500_.jpg" alt="Product Image"></a><p>SlowTon Console Dog Car Seat - Portable Dogs Armrest Booster Seat for Small Dog, Anti-Collapse Pet Car Seat with Soft Cushion Safety Belt, Support Pet Up to 11lbs (Black)</p><p> -5% 0FF </p><p>$37.89 ($37.89 / Count)</p><a href="https://www.amazon.com/dp/B0C811NJ98?tag=eloabder-20&linkCode=osi&th=1&psc=1">View Product</a></div><div class="product"><a href="https://www.amazon.com/dp/B0D2D2T38B?tag=eloabder-20&linkCode=osi&th=1&psc=1"><img src="https://m.media-amazon.com/images/I/41rFustc3hL._SL500_.jpg" alt="Product Image"></a><p>HEGGCOOE Small Dog Car Seat, Memory Foam Dog Booster Car Seats with Thick Cushion for Medium Dogs Under 35lbs, Detachable Washable Dog Bed for Car, Pet Carseat with Storage Pockets,2 Safety Belts</p><p> -15% 0FF </p><p>$58.63</p><a href="https://www.amazon.com/dp/B0D2D2T38B?tag=eloabder-20&linkCode=osi&th=1&psc=1">View Product</a></div>

<div class="product"><a href="https://www.amazon.com/dp/B0FJ2NPL47?tag=eloabder-20&linkCode=osi&th=1&psc=1"><img src="https://m.media-amazon.com/images/I/51TDSHRvQDL._SL500_.jpg" alt="Product Image"></a><p>Pet Hair Removal Glove for Dogs & Cats, Newly Upgraded Reusable Electrostatic Pet Hair Gloves, Pet Hair Remover Tool for Clothing, Couch, Carpet, Car Seat</p><p> -15% 0FF </p><p>$16.99</p><a href="https://www.amazon.com/dp/B0FJ2NPL47?tag=eloabder-20&linkCode=osi&th=1&psc=1">View Product</a></div><div class="product"><a href="https://www.amazon.com/dp/B0DMWBS87F?tag=eloabder-20&linkCode=osi&th=1&psc=1"><img src="https://m.media-amazon.com/images/I/51Q8Cx4sNWL._SL500_.jpg" alt="Product Image"></a><p>Paw Science Dog Eye Wipes - Hypoallergenic Eye & Face Wipes for Dogs, Cats, & Puppy - Pet Tear Stain Remover & Cleaner - Gently Cleans & Removes Discharge, Crust, & Gunk (Coconut)</p><p> -36% 0FF </p><p>$8.99 ($0.09 / Count)</p><a href="https://www.amazon.com/dp/B0DMWBS87F?tag=eloabder-20&linkCode=osi&th=1&psc=1">View Product</a></div><div class="product"><a href="https://www.amazon.com/dp/B0FH6PZ6RZ?tag=eloabder-20&linkCode=osi&th=1&psc=1"><img src="https://m.media-amazon.com/images/I/414hJ-w970L._SL500_.jpg" alt="Product Image"></a><p>Dog Nail Grinder with 2 LED Lights Powerful 2 Speeds Super Quiet Dog Nail Trimmers with 3 Grinding Wheels Rechargeable Pet Dog Nail Clippers for Large Medium Puppy Dogs Nail File Cat Nail Clipper Blue</p><p> -5% 0FF </p><p>$18.99</p><a href="https://www.amazon.com/dp/B0FH6PZ6RZ?tag=eloabder-20&linkCode=osi&th=1&psc=1">View Product</a></div><div class="product"><a href="https://www.amazon.com/dp/B0FD9MGDKV?tag=eloabder-20&linkCode=osi&th=1&psc=1"><img src="https://m.media-amazon.com/images/I/51XGj6QgMcL._SL500_.jpg" alt="Product Image"></a><p>Pet Hair Removal Glove for Cats & Dogs, Upgraded Five-Finger Electrostatic Pet Hair Gloves, Reusable Magic Brush Pet Hair Remover Tool for Laundry, Couch, Carpet, Car Seat</p><p> -19% 0FF </p><p>$16.17</p><a href="https://www.amazon.com/dp/B0FD9MGDKV?tag=eloabder-20&linkCode=osi&th=1&psc=1">View Product</a></div>
<div class="product"><a href="https://www.amazon.com/dp/B09K8YYVWV?tag=eloabder-20&linkCode=osi&th=1&psc=1"><img src="https://m.media-amazon.com/images/I/4123dxF1ijL._SL500_.jpg" alt="Product Image"></a><p>Blue Buffalo Life Protection Formula Natural Adult Dry Dog Food, Chicken and Brown Rice 5-lb Trial Size Bag</p><p> -17% 0FF </p><p>$14.98 ($3.00 / lb)</p><a href="https://www.amazon.com/dp/B09K8YYVWV?tag=eloabder-20&linkCode=osi&th=1&psc=1">View Product</a></div><div class="product"><a href="https://www.amazon.com/dp/B0000AH3QT?tag=eloabder-20&linkCode=osi&th=1&psc=1"><img src="https://m.media-amazon.com/images/I/41FXHOzdCWL._SL500_.jpg" alt="Product Image"></a><p>Purina ONE Chicken and Rice Formula Dry Dog Food - 8 lb. Bag</p><p> -9% 0FF </p><p>$16.28 ($2.04 / Pound)</p><a href="https://www.amazon.com/dp/B0000AH3QT?tag=eloabder-20&linkCode=osi&th=1&psc=1">View Product</a></div><div class="product"><a href="https://www.amazon.com/dp/B0000AH3QW?tag=eloabder-20&linkCode=osi&th=1&psc=1"><img src="https://m.media-amazon.com/images/I/41jXsOOPPtL._SL500_.jpg" alt="Product Image"></a><p>Purina ONE Dry Dog Food Lamb and Rice Formula - 8 lb. Bag</p><p> -9% 0FF </p><p>$16.28 ($2.04 / pound)</p><a href="https://www.amazon.com/dp/B0000AH3QW?tag=eloabder-20&linkCode=osi&th=1&psc=1">View Product</a></div><div class="product"><a href="https://www.amazon.com/dp/B09K9FDLFN?tag=eloabder-20&linkCode=osi&th=1&psc=1"><img src="https://m.media-amazon.com/images/I/41fn4P3zY0L._SL500_.jpg" alt="Product Image"></a><p>Blue Buffalo Life Protection Formula Natural Adult Small Breed Dry Dog Food, Chicken and Brown Rice 5-lb Trial Size Bag</p><p> -15% 0FF </p><p>$16.98 ($3.40 / lb)</p><a href="https://www.amazon.com/dp/B09K9FDLFN?tag=eloabder-20&linkCode=osi&th=1&psc=1">View Product</a></div><div class="product"><a href="https://www.amazon.com/dp/B008NHLZ2Y?tag=eloabder-20&linkCode=osi&th=1&psc=1"><img src="https://m.media-amazon.com/images/I/51OqxCyPKTL._SL500_.jpg" alt="Product Image"></a><p>Cesar Wet Dog Food Classic Loaf in Sauce Beef Recipe, Filet Mignon, Grilled Chicken and Porterhouse Steak Variety Pack, 3.5 oz. Easy Peel Trays (24 Count, Pack of 1)</p><p> -11% 0FF </p><p>$24.94 ($1.04 / Count)</p><a href="https://www.amazon.com/dp/B008NHLZ2Y?tag=eloabder-20&linkCode=osi&th=1&psc=1">View Product</a></div><div class="product"><a href="https://www.amazon.com/dp/B00DE7WKVS?tag=eloabder-20&linkCode=osi&th=1&psc=1"><img src="https://m.media-amazon.com/images/I/514-XqvXJJL._SL500_.jpg" alt="Product Image"></a><p>Purina ONE True Instinct With A Blend Of Real Turkey and Venison Dry Dog Food - 15 lb. Bag</p><p> -9% 0FF </p><p>$32.28 ($2.15 / Pound)</p><a href="https://www.amazon.com/dp/B00DE7WKVS?tag=eloabder-20&linkCode=osi&th=1&psc=1">View Product</a></div>
<div class="product"><a href="https://www.amazon.com/dp/B007JXVR76?tag=eloabder-20&linkCode=osi&th=1&psc=1"><img src="https://m.media-amazon.com/images/I/41XRcLETtGL._SL500_.jpg" alt="Product Image"></a><p>Meow Mix Original Choice Dry Cat Food, 6.3 Pound Bag</p><p> -6% 0FF </p><p>$9.29 ($1.47 / lb)</p><a href="https://www.amazon.com/dp/B007JXVR76?tag=eloabder-20&linkCode=osi&th=1&psc=1">View Product</a></div><div class="product"><a href="https://www.amazon.com/dp/B0D9MW74TG?tag=eloabder-20&linkCode=osi&th=1&psc=1"><img src="https://m.media-amazon.com/images/I/51CSHkalU1L._SL500_.jpg" alt="Product Image"></a><p>Meow Mix Gravy Bursts Dry Cat Food, Chicken, 3 LB Bag</p><p> -16% 0FF </p><p>$5.72 ($1.91 / lb)</p><a href="https://www.amazon.com/dp/B0D9MW74TG?tag=eloabder-20&linkCode=osi&th=1&psc=1">View Product</a></div><div class="product"><a href="https://www.amazon.com/dp/B01H3OA7KI?tag=eloabder-20&linkCode=osi&th=1&psc=1"><img src="https://m.media-amazon.com/images/I/51vds1pph5L._SL500_.jpg" alt="Product Image"></a><p>Purina Cat Chow Hairball, Healthy Weight, Indoor, Natural Dry Cat Food, Naturals Indoor - 13 lb. Bag</p><p> -6% 0FF </p><p>$16.99 ($1.31 / lb)</p><a href="https://www.amazon.com/dp/B01H3OA7KI?tag=eloabder-20&linkCode=osi&th=1&psc=1">View Product</a></div><div class="product"><a href="https://www.amazon.com/dp/B01BKYFR7K?tag=eloabder-20&linkCode=osi&th=1&psc=1"><img src="https://m.media-amazon.com/images/I/41GYcHtJdcL._SL500_.jpg" alt="Product Image"></a><p>IAMS Proactive Health Indoor Weight Control & Hairball Care Adult Dry Cat Food, Chicken & Turkey Recipe, 7 lb. Bag</p><p> -11% 0FF </p><p>$16.97 ($2.42 / lb)</p><a href="https://www.amazon.com/dp/B01BKYFR7K?tag=eloabder-20&linkCode=osi&th=1&psc=1">View Product</a></div>
<div class="product"><a href="https://www.amazon.com/dp/B003PMQMK2?tag=eloabder-20&linkCode=osi&th=1&psc=1"><img src="https://m.media-amazon.com/images/I/51rKBA3bcNL._SL500_.jpg" alt="Product Image"></a><p>Milk-Bone MaroSnacks Small Dog Treats With Bone Marrow, 40 Ounce Container</p><p> -21% 0FF </p><p>$11.48 ($4.59 / lb)</p><a href="https://www.amazon.com/dp/B003PMQMK2?tag=eloabder-20&linkCode=osi&th=1&psc=1">View Product</a></div><div class="product"><a href="https://www.amazon.com/dp/B07BVL8TQF?tag=eloabder-20&linkCode=osi&th=1&psc=1"><img src="https://m.media-amazon.com/images/I/41V12A43ClL._SL500_.jpg" alt="Product Image"></a><p>Good ‘n’ Fun Triple Flavor Kabobs Chews for All Dogs, 24 Ounces, Treat Your Dog to Chews Made from Beef Hide, Real Chicken, Pork Hide, Duck and Chicken Liver</p><p> -27% 0FF </p><p>$15.98 ($10.65 / lb)</p><a href="https://www.amazon.com/dp/B07BVL8TQF?tag=eloabder-20&linkCode=osi&th=1&psc=1">View Product</a></div><div class="product"><a href="https://www.amazon.com/dp/B006HKA6II?tag=eloabder-20&linkCode=osi&th=1&psc=1"><img src="https://m.media-amazon.com/images/I/41sdmNauoVL._SL500_.jpg" alt="Product Image"></a><p>Milk-Bone Soft & Chewy Dog Treats, Beef & Filet Mignon Recipe, 25 Ounce</p><p> -7% 0FF </p><p>$14.48 ($9.27 / lb)</p><a href="https://www.amazon.com/dp/B006HKA6II?tag=eloabder-20&linkCode=osi&th=1&psc=1">View Product</a></div><div class="product"><a href="https://www.amazon.com/dp/B006W6YHHI?tag=eloabder-20&linkCode=osi&th=1&psc=1"><img src="https://m.media-amazon.com/images/I/51VcU1tm-7L._SL500_.jpg" alt="Product Image"></a><p>Greenies Original Regular Dental Dog Treats, 36 oz. Pack (36 Treats)</p><p> -8% 0FF </p><p>$36.97 ($16.43 / lb)</p><a href="https://www.amazon.com/dp/B006W6YHHI?tag=eloabder-20&linkCode=osi&th=1&psc=1">View Product</a></div><div class="product"><a href="https://www.amazon.com/dp/B07D323MFZ?tag=eloabder-20&linkCode=osi&th=1&psc=1"><img src="https://m.media-amazon.com/images/I/41OTio6+siL._SL500_.jpg" alt="Product Image"></a><p>INABA Churu Cat Treats, Grain-Free, Lickable, Squeezable Creamy Purée Cat Treat/Topper with Vitamin E & Taurine, 0.5 Ounces Each Tube, 50 Tubes, Tuna & Chicken Variety</p><p> -18% 0FF </p><p>$32.96 ($1.32 / Ounce)</p><a href="https://www.amazon.com/dp/B07D323MFZ?tag=eloabder-20&linkCode=osi&th=1&psc=1">View Product</a></div><div class="product"><a href="https://www.amazon.com/dp/B09MZDFLSV?tag=eloabder-20&linkCode=osi&th=1&psc=1"><img src="https://m.media-amazon.com/images/I/51mXUxhYDiL._SL500_.jpg" alt="Product Image"></a><p>Full Moon All Natural Human Grade Dog Treats, Essential Beef Savory Sticks, 22 Ounce, 1.375 Pound (Pack of 1)</p><p> -10% 0FF </p><p>$17.94 ($13.05 / lb)</p><a href="https://www.amazon.com/dp/B09MZDFLSV?tag=eloabder-20&linkCode=osi&th=1&psc=1">View Product</a></div><div class="product"><a href="https://www.amazon.com/dp/B07BVLGZW6?tag=eloabder-20&linkCode=osi&th=1&psc=1"><img src="https://m.media-amazon.com/images/I/51g5KoU0RiL._SL500_.jpg" alt="Product Image"></a><p>Good ‘n’ Fun Triple Flavor Wings Chews for All Dogs, 12 Ounces, Treat Your Dog to Long-Lasting Chews Made with Chicken, Pork Hide and Beef Hide</p><p> -27% 0FF </p><p>$10.48 ($13.97 / lb)</p><a href="https://www.amazon.com/dp/B07BVLGZW6?tag=eloabder-20&linkCode=osi&th=1&psc=1">View Product</a></div>
<div class="product"><a href="https://www.amazon.com/dp/B01EX0H12M?tag=eloabder-20&linkCode=osi&th=1&psc=1"><img src="https://m.media-amazon.com/images/I/41tpUtk3FGL._SL500_.jpg" alt="Product Image"></a><p>Full Moon Chicken Jerky Healthy All Natural Dog Treats Human Grade Made in USA Grain Free, 1.5 Pound (Pack of 1)</p><p> -19% 0FF </p><p>$26.44 ($17.63 / lb)</p><a href="https://www.amazon.com/dp/B01EX0H12M?tag=eloabder-20&linkCode=osi&th=1&psc=1">View Product</a></div>
<div class="product"><a href="https://www.amazon.com/dp/B07BTRHM75?tag=eloabder-20&linkCode=osi&th=1&psc=1"><img src="https://m.media-amazon.com/images/I/51yN5sax9BL._SL500_.jpg" alt="Product Image"></a><p>Delectables Bisque Lickable Wet Cat Treats - Chicken, Tuna & Shrimp, 12 count</p><p> -9% 0FF </p><p>$12.94 ($0.77 / Ounce)</p><a href="https://www.amazon.com/dp/B07BTRHM75?tag=eloabder-20&linkCode=osi&th=1&psc=1">View Product</a></div><div class="product"><a href="https://www.amazon.com/dp/B00M0FK8UU?tag=eloabder-20&linkCode=osi&th=1&psc=1"><img src="https://m.media-amazon.com/images/I/517+RuVAECL._SL500_.jpg" alt="Product Image"></a><p>Temptations MixUps Surfer's Delight Flavor Crunchy and Soft Cat Treats, 16 oz. Tub</p><p> -8% 0FF </p><p>$7.80 ($0.49 / Ounce)</p><a href="https://www.amazon.com/dp/B00M0FK8UU?tag=eloabder-20&linkCode=osi&th=1&psc=1">View Product</a></div><div class="product"><a href="https://www.amazon.com/dp/B07KGXQ1WC?tag=eloabder-20&linkCode=osi&th=1&psc=1"><img src="https://m.media-amazon.com/images/I/51lx-r6UP1L._SL500_.jpg" alt="Product Image"></a><p>Temptations Classic Crunchy and Soft Cat Treats, Shrimpy Shrimp Flavor, 16 oz. Tub</p><p> -25% 0FF </p><p>$6.36 ($0.40 / Ounce)</p><a href="https://www.amazon.com/dp/B07KGXQ1WC?tag=eloabder-20&linkCode=osi&th=1&psc=1">View Product</a></div>
<div class="product"><a href="https://www.amazon.com/dp/B0BHN7K52L?tag=eloabder-20&linkCode=osi&th=1&psc=1"><img src="https://m.media-amazon.com/images/I/41VtkP72E7L._SL500_.jpg" alt="Product Image"></a><p>Dog Toys for Aggresive Chewers - Tough,Indestructible Dog Toys for Large, Medium,Small Breed to Keep Them Busy</p><p> -38% 0FF </p><p>$9.99</p><a href="https://www.amazon.com/dp/B0BHN7K52L?tag=eloabder-20&linkCode=osi&th=1&psc=1">View Product</a></div><div class="product"><a href="https://www.amazon.com/dp/B000F4AVPA?tag=eloabder-20&linkCode=osi&th=1&psc=1"><img src="https://m.media-amazon.com/images/I/31NKTw5DUeL._SL500_.jpg" alt="Product Image"></a><p>Chuckit! Ultra Ball Dog Toy - Medium Bouncy Fetch Balls For Dogs 20-60 lbs - Made from Durable Rubber - Floating Water Pet Toys - Size Medium - 2.5-inch Diameter - Pack of 2</p><p> -35% 0FF </p><p>$7.13</p><a href="https://www.amazon.com/dp/B000F4AVPA?tag=eloabder-20&linkCode=osi&th=1&psc=1">View Product</a></div><div class="product"><a href="https://www.amazon.com/dp/B0B1LVKG8D?tag=eloabder-20&linkCode=osi&th=1&psc=1"><img src="https://m.media-amazon.com/images/I/51bjl2slJTL._SL500_.jpg" alt="Product Image"></a><p>Fuufome Large Squeaky Dog Toys- Plush Dog Toys with Soft Fabric for Small, Medium, and Large Dogs Daily Companionship, Training Reward Gift</p><p> -41% 0FF </p><p>$9.49</p><a href="https://www.amazon.com/dp/B0B1LVKG8D?tag=eloabder-20&linkCode=osi&th=1&psc=1">View Product</a></div>

<div class="product"><a href="https://www.amazon.com/dp/B01AHM6P18?tag=eloabder-20&linkCode=osi&th=1&psc=1"><img src="https://m.media-amazon.com/images/I/51z5bUF-cpL._SL500_.jpg" alt="Product Image"></a><p>Fashion's Talk Cat Toys Variety Pack for Kitty 20 Pieces</p><p> -21% 0FF </p><p>$9.49</p><a href="https://www.amazon.com/dp/B01AHM6P18?tag=eloabder-20&linkCode=osi&th=1&psc=1">View Product</a></div><div class="product"><a href="https://www.amazon.com/dp/B0DG1X5KHM?tag=eloabder-20&linkCode=osi&th=1&psc=1"><img src="https://m.media-amazon.com/images/I/31YvLOoWZsL._SL500_.jpg" alt="Product Image"></a><p>Jkanti Interactive Cat Toys for Indoor Cats,The 3rd Generation Agile Moving Cat Ball with Elastic Mesh Tail,Automatic Kitten Toys for Bored Indoor Adult Cats,Motion Activated (Orange)</p><p> -10% 0FF </p><p>$17.99</p><a href="https://www.amazon.com/dp/B0DG1X5KHM?tag=eloabder-20&linkCode=osi&th=1&psc=1">View Product</a></div><div class="product"><a href="https://www.amazon.com/dp/B0D6W8B4FM?tag=eloabder-20&linkCode=osi&th=1&psc=1"><img src="https://m.media-amazon.com/images/I/31tkIoBZ3tL._SL500_.jpg" alt="Product Image"></a><p>TBTeek Cat Toys, USB Rechargeable Kitten Toy, 3 Light Modes & 5 Adjustable Patterns, Portable Interactive Pet Dog Cat Mouse Toy for Fun Chase Play Exercise</p><p> -13% 0FF </p><p>$6.97</p><a href="https://www.amazon.com/dp/B0D6W8B4FM?tag=eloabder-20&linkCode=osi&th=1&psc=1">View Product</a></div><div class="product"><a href="https://www.amazon.com/dp/B0CZ3YD1V6?tag=eloabder-20&linkCode=osi&th=1&psc=1"><img src="https://m.media-amazon.com/images/I/41nrT5-eUfL._SL500_.jpg" alt="Product Image"></a><p>Potaroma Cat Toys Chew Ropes 3Pcs with Refillable Natural Catnip, Safe Teeth Cleaning Toy for Indoor Kittens, Interactive Cat Nip Kitty Toys for All Breeds 19.5 Inches</p><p> -42% 0FF </p><p>$7.59</p><a href="https://www.amazon.com/dp/B0CZ3YD1V6?tag=eloabder-20&linkCode=osi&th=1&psc=1">View Product</a></div><div class="product"><a href="https://www.amazon.com/dp/B09WHBG4DV?tag=eloabder-20&linkCode=osi&th=1&psc=1"><img src="https://m.media-amazon.com/images/I/41eXntBWimL._SL500_.jpg" alt="Product Image"></a><p>Potaroma Cat Toys Pillows, 3 Pack, Soft and Durable Crinkle Sound with Catnip Inside, Interactive Indoor Kitten Kicker, Promotes Kitty Exercise</p><p> -38% 0FF </p><p>$9.98</p><a href="https://www.amazon.com/dp/B09WHBG4DV?tag=eloabder-20&linkCode=osi&th=1&psc=1">View Product</a></div>
<div class="product"><a href="https://www.amazon.com/dp/B08CXGYW1Q?tag=eloabder-20&linkCode=osi&th=1&psc=1"><img src="https://m.media-amazon.com/images/I/51TwJcM8A9L._SL500_.jpg" alt="Product Image"></a><p>Bedsure Calming Dog Bed Medium Size Dog - Donut Washable Medium Pet Bed, 30 inches Anti-Slip Round Fluffy Plush Faux Fur Cat Bed, Fits up to 45 lbs Pets, Camel</p><p> -7% 0FF </p><p>$39.99</p><a href="https://www.amazon.com/dp/B08CXGYW1Q?tag=eloabder-20&linkCode=osi&th=1&psc=1">View Product</a></div><div class="product"><a href="https://www.amazon.com/dp/B0DBYVR7LH?tag=eloabder-20&linkCode=osi&th=1&psc=1"><img src="https://m.media-amazon.com/images/I/51Mdi5roe1L._SL500_.jpg" alt="Product Image"></a><p>Hoewina Dog & Cat Bed for Indoor Cats, 20in Calming Donut Bed for Puppy and Kitten, Washable Round Fluffy Pet Bed for Small Medium Dogs and Cats (Light Grey)</p><p> -18% 0FF </p><p>$9.85</p><a href="https://www.amazon.com/dp/B0DBYVR7LH?tag=eloabder-20&linkCode=osi&th=1&psc=1">View Product</a></div><div class="product"><a href="https://www.amazon.com/dp/B0FBLRWFC1?tag=eloabder-20&linkCode=osi&th=1&psc=1"><img src="https://m.media-amazon.com/images/I/41qIhp9dq7L._SL500_.jpg" alt="Product Image"></a><p>Donut Dog Bed for Small Medium Dogs Cats, 18 inch Calming Washable-Round Cozy Soft Pet Bed for Puppy and Kitten with Slip-Resistant Bottom</p><p> -50% 0FF </p><p>$9.99</p><a href="https://www.amazon.com/dp/B0FBLRWFC1?tag=eloabder-20&linkCode=osi&th=1&psc=1">View Product</a></div><div class="product"><a href="https://www.amazon.com/dp/B000TZ73EW?tag=eloabder-20&linkCode=osi&th=1&psc=1"><img src="https://m.media-amazon.com/images/I/41PrtjgWzEL._SL500_.jpg" alt="Product Image"></a><p>MidWest Homes for Pets QuietTime XXS Dog Bed – Cinnamon Faux Fur Bolster, Ultra-Soft and Machine Washable, Fits 18-Inch Crates and Carriers, for Small Dogs and Cats</p><p> -13% 0FF </p><p>$11.33</p><a href="https://www.amazon.com/dp/B000TZ73EW?tag=eloabder-20&linkCode=osi&th=1&psc=1">View Product</a></div>

<div class="product"><a href="https://www.amazon.com/dp/B07MFYSKCL?tag=eloabder-20&linkCode=osi&th=1&psc=1"><img src="https://m.media-amazon.com/images/I/41WrfqDuWpL._SL500_.jpg" alt="Product Image"></a><p>Love's cabin Round Donut Cat and Dog Cushion Bed, 20in Bed for Cats or Small Dogs, Anti-Slip & Water-Resistant Bottom, Super Soft Durable Fabric Pet Beds, Washable Luxury Cat & Dog Bed Gray</p><p> -20% 0FF </p><p>$15.99</p><a href="https://www.amazon.com/dp/B07MFYSKCL?tag=eloabder-20&linkCode=osi&th=1&psc=1">View Product</a></div><div class="product"><a href="https://www.amazon.com/dp/B08CY5VR5W?tag=eloabder-20&linkCode=osi&th=1&psc=1"><img src="https://m.media-amazon.com/images/I/51Hp7ZTQiFL._SL500_.jpg" alt="Product Image"></a><p>Bedsure Cat Beds for Indoor Cats - Large Cat Cave for Pet Cat House with Fluffy Ball Hanging and Scratch Pad, Foldable Cat Hideaway, 16.5x16.5x13 inches, Grey</p><p> -20% 0FF </p><p>$23.99</p><a href="https://www.amazon.com/dp/B08CY5VR5W?tag=eloabder-20&linkCode=osi&th=1&psc=1">View Product</a></div><div class="product"><a href="https://www.amazon.com/dp/B06XF6VH2N?tag=eloabder-20&linkCode=osi&th=1&psc=1"><img src="https://m.media-amazon.com/images/I/41+7YS2mbWL._SL500_.jpg" alt="Product Image"></a><p>Furhaven ThermaNAP Self-Warming Cat Bed for Indoor Cats & Small Dogs, Washable & Reflects Body Heat - Quilted Faux Fur Reflective Bed Mat - Gray, Small</p><p> -8% 0FF </p><p>$11.99</p><a href="https://www.amazon.com/dp/B06XF6VH2N?tag=eloabder-20&linkCode=osi&th=1&psc=1">View Product</a></div><div class="product"><a href="https://www.amazon.com/dp/B0DDKRS437?tag=eloabder-20&linkCode=osi&th=1&psc=1"><img src="https://m.media-amazon.com/images/I/31eWtW2c9JL._SL500_.jpg" alt="Product Image"></a><p>BALANCE Cat Bed Kitten Bed, Washable Round Cat Beds for Indoor Cats, Super Soft Plush Faux Fur Pet Bed for Puppy and Kitten with Anti-Slip Bottom</p><p> -21% 0FF </p><p>$28.49</p><a href="https://www.amazon.com/dp/B0DDKRS437?tag=eloabder-20&linkCode=osi&th=1&psc=1">View Product</a></div>
<div class="product"><a href="https://www.amazon.com/dp/B0BFG9Z2P9?tag=eloabder-20&linkCode=osi&th=1&psc=1"><img src="https://m.media-amazon.com/images/I/418f7l64RZL._SL500_.jpg" alt="Product Image"></a><p>Tomkas Small Dog Sling Carrier - Classic Pocket & Classic Strap - for 3-10 lbs Pets(Black)</p><p> -5% 0FF </p><p>$13.29</p><a href="https://www.amazon.com/dp/B0BFG9Z2P9?tag=eloabder-20&linkCode=osi&th=1&psc=1">View Product</a></div>
<div class="product"><a href="https://www.amazon.com/dp/B0CTF8S82M?tag=eloabder-20&linkCode=osi&th=1&psc=1"><img src="https://m.media-amazon.com/images/I/31iR7d1zNSL._SL500_.jpg" alt="Product Image"></a><p>Dog Carrier Sling - Reversible Puppy Carrier Purse with Storage Pocket, Hand-Free Dog Sling Carrier for Carry Small Dogs and Cats, Travel Safety Harness, Dog and Cat Harness(Black)</p><p> -17% 0FF </p><p>$9.99</p><a href="https://www.amazon.com/dp/B0CTF8S82M?tag=eloabder-20&linkCode=osi&th=1&psc=1">View Product</a></div><div class="product"><a href="https://www.amazon.com/dp/B09MJ131L5?tag=eloabder-20&linkCode=osi&th=1&psc=1"><img src="https://m.media-amazon.com/images/I/51vCG0gYKFL._SL500_.jpg" alt="Product Image"></a><p>GAPZER Pet Carrier for Large Cats, Soft-Sided Cat Carrier for Medium Big Cats and Puppy up to 20lbs, Washable Dog Carrier Privacy Protection for Home Outdoor Travel</p><p> -25% 0FF </p><p>$29.99</p><a href="https://www.amazon.com/dp/B09MJ131L5?tag=eloabder-20&linkCode=osi&th=1&psc=1">View Product</a></div><div class="product"><a href="https://www.amazon.com/dp/B0CGB1SRGH?tag=eloabder-20&linkCode=osi&th=1&psc=1"><img src="https://m.media-amazon.com/images/I/51x07O9JhRL._SL500_.jpg" alt="Product Image"></a><p>Soft Sided Cat/Dog Carrier,Collapsible Pets Travel Carriers for Pet/Puppy with Shoulder Strap & Removable Mat,Mesh Top Load Small Dogs/Cats Carry Bag Up to 17 Lbs TSA Airline Approved（Black,M）</p><p> -15% 0FF </p><p>$17.77 ($17.77 / Count)</p><a href="https://www.amazon.com/dp/B0CGB1SRGH?tag=eloabder-20&linkCode=osi&th=1&psc=1">View Product</a></div>

<div class="product"><a href="https://www.amazon.com/dp/B0BHYZV3HY?tag=eloabder-20&linkCode=osi&th=1&psc=1"><img src="https://m.media-amazon.com/images/I/51GsL7XYrvL._SL500_.jpg" alt="Product Image"></a><p>oneisall Dog Grooming Vacuum, Pet Grooming Vacuum with Clipper Nail Grinder, 1.5L Dust Cup Dog deshedding Vacuum Brush with 7 Pet Grooming Tools for Shedding Pet Hair, Home Cleaning(Blue)</p><p> -9% 0FF </p><p>$99.99</p><a href="https://www.amazon.com/dp/B0BHYZV3HY?tag=eloabder-20&linkCode=osi&th=1&psc=1">View Product</a></div><div class="product"><a href="https://www.amazon.com/dp/B01330IKAA?tag=eloabder-20&linkCode=osi&th=1&psc=1"><img src="https://m.media-amazon.com/images/I/31tp596fu2L._SL500_.jpg" alt="Product Image"></a><p>BioSilk for Dogs Silk Therapy Detangling Plus Shine Mist for Dogs | Best Detangling Spray for All Dogs & Puppies for Shiny Coats and Dematting | 8 Oz Bottle (Packaging May Vary)</p><p> -11% 0FF </p><p>$8.92</p><a href="https://www.amazon.com/dp/B01330IKAA?tag=eloabder-20&linkCode=osi&th=1&psc=1">View Product</a></div><div class="product"><a href="https://www.amazon.com/dp/B00VC8DQX2?tag=eloabder-20&linkCode=osi&th=1&psc=1"><img src="https://m.media-amazon.com/images/I/41o8MrUqR1L._SL500_.jpg" alt="Product Image"></a><p>SleekEZ Dog Brush for Shedding & Dog Grooming Supplies | Pet Hair Removal Tool | Great For All Fur Types | For Short, Medium, & Long Hair Pets | Reduces Shedding by 95% | Made in USA | 1 pack | 5 inch</p><p> -15% 0FF </p><p>$19.97</p><a href="https://www.amazon.com/dp/B00VC8DQX2?tag=eloabder-20&linkCode=osi&th=1&psc=1">View Product</a></div><div class="product"><a href="https://www.amazon.com/dp/B0002H3RBU?tag=eloabder-20&linkCode=osi&th=1&psc=1"><img src="https://m.media-amazon.com/images/I/41G42uu7qBL._SL500_.jpg" alt="Product Image"></a><p>Miracle Care Kwik Stop Styptic Powder For Dogs, Cats and Birds, 0.5 Ounce, Fast Acting Blood Stop Powder with Pain Relieving Benzocaine</p><p> -5% 0FF </p><p>$9.99</p><a href="https://www.amazon.com/dp/B0002H3RBU?tag=eloabder-20&linkCode=osi&th=1&psc=1">View Product</a></div><div class="product"><a href="https://www.amazon.com/dp/B0CNZB3L28?tag=eloabder-20&linkCode=osi&th=1&psc=1"><img src="https://m.media-amazon.com/images/I/41XWOVhEWmL._SL500_.jpg" alt="Product Image"></a><p>MEDUWEDU Ear Cleaner Finger Wipes 60 Counts, Dog Ear Cleaner, Grooming Kit Care for Dogs and Cats, Soft & Easy Otic Cleaning Pads, Remove Wax, Dirt & Stop Smelly, Itchy, Non-Irritating, Coconut Scent</p><p> -13% 0FF </p><p>$6.97</p><a href="https://www.amazon.com/dp/B0CNZB3L28?tag=eloabder-20&linkCode=osi&th=1&psc=1">View Product</a></div><div class="product"><a href="https://www.amazon.com/dp/B01HRSZRXM?tag=eloabder-20&linkCode=osi&th=1&psc=1"><img src="https://m.media-amazon.com/images/I/51jzCKDndHL._SL500_.jpg" alt="Product Image"></a><p>oneisall Dog Clipper Low Noise, Dog Grooming Kit with Rechargeable, Pet Shaver Cordless Electric Quiet Hair Clipper Set for Dogs Cats Pets（Gold）</p><p> -25% 0FF </p><p>$29.99</p><a href="https://www.amazon.com/dp/B01HRSZRXM?tag=eloabder-20&linkCode=osi&th=1&psc=1">View Product</a></div>
<div class="product"><a href="https://www.amazon.com/dp/B07CXQQ4Q5?tag=eloabder-20&linkCode=osi&th=1&psc=1"><img src="https://m.media-amazon.com/images/I/41fZKGIVQRL._SL500_.jpg" alt="Product Image"></a><p>PetArmor 7 Way De-Wormer for Dogs, Oral Treatment for Tapeworm, Roundworm & Hookworm in Large Dogs & Puppies (Over 25 lbs), Worm Remover (Praziquantel & Pyrantel Pamoate), 2 Flavored Chewables</p><p> -10% 0FF </p><p>$18.00 ($9.00 / Count)</p><a href="https://www.amazon.com/dp/B07CXQQ4Q5?tag=eloabder-20&linkCode=osi&th=1&psc=1">View Product</a></div><div class="product"><a href="https://www.amazon.com/dp/B000O5DHT2?tag=eloabder-20&linkCode=osi&th=1&psc=1"><img src="https://m.media-amazon.com/images/I/41Am2odDJjL._SL500_.jpg" alt="Product Image"></a><p>Merial Zimecterin Gold Dewormer Paste for Horses, 7.35gm (Packaging May Vary)</p><p> -20% 0FF </p><p>$16.69</p><a href="https://www.amazon.com/dp/B000O5DHT2?tag=eloabder-20&linkCode=osi&th=1&psc=1">View Product</a></div><div class="product"><a href="https://www.amazon.com/dp/B078YCWFKK?tag=eloabder-20&linkCode=osi&th=1&psc=1"><img src="https://m.media-amazon.com/images/I/41+lFxJHMCL._SL500_.jpg" alt="Product Image"></a><p>Durvet 2251171 Wormer-Double Strength Liquid Dog</p><p> -8% 0FF </p><p>$27.78</p><a href="https://www.amazon.com/dp/B078YCWFKK?tag=eloabder-20&linkCode=osi&th=1&psc=1">View Product</a></div>
<div class="product"><a href="https://www.amazon.com/dp/B0BR5VST5N?tag=eloabder-20&linkCode=osi&th=1&psc=1"><img src="https://m.media-amazon.com/images/I/31smh+Fyk0L._SL500_.jpg" alt="Product Image"></a><p>IMIPAW Automatic Cat Feeders, 3L Timed Cat Dry Food Dispenser, Dual Power Supply, Programmable Portion Size, Auto Pet Feeder for Cats and Small Dogs</p><p> -28% 0FF </p><p>$25.99</p><a href="https://www.amazon.com/dp/B0BR5VST5N?tag=eloabder-20&linkCode=osi&th=1&psc=1">View Product</a></div><div class="product"><a href="https://www.amazon.com/dp/B0DF7H6SGZ?tag=eloabder-20&linkCode=osi&th=1&psc=1"><img src="https://m.media-amazon.com/images/I/41kiwgcXNWL._SL500_.jpg" alt="Product Image"></a><p>Automatic Cat Feeder, 4L Cat Food Dispenser with 10s Voice Recorder, Pet Feeder up to 8 Meals per Day, Timed Dog Feeder with Dry Food Sealed Ring (White, 4L-Basic)</p><p> -18% 0FF </p><p>$22.09</p><a href="https://www.amazon.com/dp/B0DF7H6SGZ?tag=eloabder-20&linkCode=osi&th=1&psc=1">View Product</a></div><div class="product"><a href="https://www.amazon.com/dp/B0DQLJJ5XT?tag=eloabder-20&linkCode=osi&th=1&psc=1"><img src="https://m.media-amazon.com/images/I/31AWcXWoThL._SL500_.jpg" alt="Product Image"></a><p>Dual Automatic Cat Feeder 2 Cats,6 Meals/Day,12 Portions/Meal,4.2L Dual Power Double Bowls Feeder,Dry Food Auto Pet Dispenser,10S Voice Record,Flexible Schedule Timer (Black,Stainless Dual Bowls)</p><p> -39% 0FF </p><p>$29.99</p><a href="https://www.amazon.com/dp/B0DQLJJ5XT?tag=eloabder-20&linkCode=osi&th=1&psc=1">View Product</a></div><div class="product"><a href="https://www.amazon.com/dp/B0DMFGFQ39?tag=eloabder-20&linkCode=osi&th=1&psc=1"><img src="https://m.media-amazon.com/images/I/31uwj+gO+sL._SL500_.jpg" alt="Product Image"></a><p>ZOMISIA Gravity Cat Feeder and Water Dispenser, 2 in 1 Cat Self Feeder with 180 Degree Rotatable, 2 Pack Automatic Feeding Large Capacity for Small Medium Dog Puppy Kitten, Black, 0.8 Gallon x 2</p><p> -21% 0FF </p><p>$28.49</p><a href="https://www.amazon.com/dp/B0DMFGFQ39?tag=eloabder-20&linkCode=osi&th=1&psc=1">View Product</a></div><div class="product"><a href="https://www.amazon.com/dp/B09S8WMJY9?tag=eloabder-20&linkCode=osi&th=1&psc=1"><img src="https://m.media-amazon.com/images/I/41BhIBNEoGL._SL500_.jpg" alt="Product Image"></a><p>PETLIBRO Automatic Cat Feeder, 5G WiFi Automatic Dog Food Dispenser with Freshness Preservation, 5L Timed Pet Feeder with Low Food Sensor, Up to 10 Meals Per Day, Granary Black</p><p> -30% 0FF </p><p>$69.99</p><a href="https://www.amazon.com/dp/B09S8WMJY9?tag=eloabder-20&linkCode=osi&th=1&psc=1">View Product</a></div><div class="product"><a href="https://www.amazon.com/dp/B0F1MQQ2S3?tag=eloabder-20&linkCode=osi&th=1&psc=1"><img src="https://m.media-amazon.com/images/I/41jCkjw2PhL._SL500_.jpg" alt="Product Image"></a><p>HoneyGuaridan Automatic Cat Feeder for Two Cats, Food Dispenser with Stainless Steel Bowl,Timed Cat Feeder Programmable 1-6 Meals Control, Dual Power Supply,10s Meal Call Black</p><p> -15% 0FF </p><p>$46.99</p><a href="https://www.amazon.com/dp/B0F1MQQ2S3?tag=eloabder-20&linkCode=osi&th=1&psc=1">View Product</a></div>
<div class="product"><a href="https://www.amazon.com/dp/B0C4TF7Z92?tag=eloabder-20&linkCode=osi&th=1&psc=1"><img src="https://m.media-amazon.com/images/I/51I2UG6QOyL._SL500_.jpg" alt="Product Image"></a><p>NEEZUKAR Dog Car Seat for Small Medium Dogs,Detachable Washable Dog Booster Seat Under 30lbs, Pet Car Seat Travel Bed with Storage Pockets and Dog Safety Belt (Black)</p><p> -10% 0FF </p><p>$44.99 ($44.99 / Count)</p><a href="https://www.amazon.com/dp/B0C4TF7Z92?tag=eloabder-20&linkCode=osi&th=1&psc=1">View Product</a></div><div class="product"><a href="https://www.amazon.com/dp/B0CB2S7PVV?tag=eloabder-20&linkCode=osi&th=1&psc=1"><img src="https://m.media-amazon.com/images/I/51+FMM25wiL._SL500_.jpg" alt="Product Image"></a><p>Dog Car Seat - Memory Foam Dog Booster Seat for Small Dogs Up to 25lbs-Elevated Pet Car Seat with Storage Pockets and Dog Seat Belt-Soft Pet Travel Bed for Front & Back Seats-Removable Washable-Grey</p><p> -28% 0FF </p><p>$35.97 ($0.45 / Count)</p><a href="https://www.amazon.com/dp/B0CB2S7PVV?tag=eloabder-20&linkCode=osi&th=1&psc=1">View Product</a></div><div class="product"><a href="https://www.amazon.com/dp/B0B8VF4MW1?tag=eloabder-20&linkCode=osi&th=1&psc=1"><img src="https://m.media-amazon.com/images/I/51sbdmnFJwL._SL500_.jpg" alt="Product Image"></a><p>PETSFIT Dog Car Seats for Small Dogs, Patent Safe Buckles Dog Booster Car Seat, Cat Cars Seat with Safety Belt, Suitable for Small Pets Up to 25lbs (Grey)</p><p> -9% 0FF </p><p>$35.97</p><a href="https://www.amazon.com/dp/B0B8VF4MW1?tag=eloabder-20&linkCode=osi&th=1&psc=1">View Product</a></div><div class="product"><a href="https://www.amazon.com/dp/B0C811NJ98?tag=eloabder-20&linkCode=osi&th=1&psc=1"><img src="https://m.media-amazon.com/images/I/51MjeG4jB6L._SL500_.jpg" alt="Product Image"></a><p>SlowTon Console Dog Car Seat - Portable Dogs Armrest Booster Seat for Small Dog, Anti-Collapse Pet Car Seat with Soft Cushion Safety Belt, Support Pet Up to 11lbs (Black)</p><p> -5% 0FF </p><p>$37.89 ($37.89 / Count)</p><a href="https://www.amazon.com/dp/B0C811NJ98?tag=eloabder-20&linkCode=osi&th=1&psc=1">View Product</a></div><div class="product"><a href="https://www.amazon.com/dp/B0D2D2T38B?tag=eloabder-20&linkCode=osi&th=1&psc=1"><img src="https://m.media-amazon.com/images/I/41rFustc3hL._SL500_.jpg" alt="Product Image"></a><p>HEGGCOOE Small Dog Car Seat, Memory Foam Dog Booster Car Seats with Thick Cushion for Medium Dogs Under 35lbs, Detachable Washable Dog Bed for Car, Pet Carseat with Storage Pockets,2 Safety Belts</p><p> -15% 0FF </p><p>$58.63</p><a href="https://www.amazon.com/dp/B0D2D2T38B?tag=eloabder-20&linkCode=osi&th=1&psc=1">View Product</a></div>
<div class="product"><a href="https://www.amazon.com/dp/B0D6Z4L6BW?tag=eloabder-20&linkCode=osi&th=1&psc=1"><img src="https://m.media-amazon.com/images/I/515L+bqRRKL._SL500_.jpg" alt="Product Image"></a><p>Tractive Smart Dog GPS Tracker | Live Pet Tracker with Virtual Fence | Vital Signs Monitoring of Heart & Respiratory Rate | Bark Monitoring | Dog Collar Attachment (Black)</p><p> -40% 0FF </p><p>$41.40</p><a href="https://www.amazon.com/dp/B0D6Z4L6BW?tag=eloabder-20&linkCode=osi&th=1&psc=1">View Product</a></div><div class="product"><a href="https://www.amazon.com/dp/B0C75D8QZ9?tag=eloabder-20&linkCode=osi&th=1&psc=1"><img src="https://m.media-amazon.com/images/I/51RJI30GT5L._SL500_.jpg" alt="Product Image"></a><p>Tractive Smart Cat GPS Tracker | Real-Time Location & Wellness Monitoring for Cats 6.5 lbs+ | Territory & Location History | Up to 5-Day Battery | Breakaway Collar Included (Dark Blue)</p><p> -14% 0FF </p><p>$29.40</p><a href="https://www.amazon.com/dp/B0C75D8QZ9?tag=eloabder-20&linkCode=osi&th=1&psc=1">View Product</a></div><div class="product"><a href="https://www.amazon.com/dp/B0C2C5LP16?tag=eloabder-20&linkCode=osi&th=1&psc=1"><img src="https://m.media-amazon.com/images/I/41nG8vcAwrL._SL500_.jpg" alt="Product Image"></a><p>Tractive XL Smart Dog GPS Tracker | Live Pet Tracker with Virtual Fence | Vital Signs Monitoring of Heart & Respiratory Rate | Up to 1-Month Battery Life | Dog Collar Attachment (Green)</p><p> -41% 0FF </p><p>$41.40</p><a href="https://www.amazon.com/dp/B0C2C5LP16?tag=eloabder-20&linkCode=osi&th=1&psc=1">View Product</a></div>

<div class="product"><a href="https://www.amazon.com/dp/B0FJ2NPL47?tag=eloabder-20&linkCode=osi&th=1&psc=1"><img src="https://m.media-amazon.com/images/I/51TDSHRvQDL._SL500_.jpg" alt="Product Image"></a><p>Pet Hair Removal Glove for Dogs & Cats, Newly Upgraded Reusable Electrostatic Pet Hair Gloves, Pet Hair Remover Tool for Clothing, Couch, Carpet, Car Seat</p><p> -15% 0FF </p><p>$16.99</p><a href="https://www.amazon.com/dp/B0FJ2NPL47?tag=eloabder-20&linkCode=osi&th=1&psc=1">View Product</a></div><div class="product"><a href="https://www.amazon.com/dp/B0DMWBS87F?tag=eloabder-20&linkCode=osi&th=1&psc=1"><img src="https://m.media-amazon.com/images/I/51Q8Cx4sNWL._SL500_.jpg" alt="Product Image"></a><p>Paw Science Dog Eye Wipes - Hypoallergenic Eye & Face Wipes for Dogs, Cats, & Puppy - Pet Tear Stain Remover & Cleaner - Gently Cleans & Removes Discharge, Crust, & Gunk (Coconut)</p><p> -36% 0FF </p><p>$8.99 ($0.09 / Count)</p><a href="https://www.amazon.com/dp/B0DMWBS87F?tag=eloabder-20&linkCode=osi&th=1&psc=1">View Product</a></div><div class="product"><a href="https://www.amazon.com/dp/B0FH6PZ6RZ?tag=eloabder-20&linkCode=osi&th=1&psc=1"><img src="https://m.media-amazon.com/images/I/414hJ-w970L._SL500_.jpg" alt="Product Image"></a><p>Dog Nail Grinder with 2 LED Lights Powerful 2 Speeds Super Quiet Dog Nail Trimmers with 3 Grinding Wheels Rechargeable Pet Dog Nail Clippers for Large Medium Puppy Dogs Nail File Cat Nail Clipper Blue</p><p> -5% 0FF </p><p>$18.99</p><a href="https://www.amazon.com/dp/B0FH6PZ6RZ?tag=eloabder-20&linkCode=osi&th=1&psc=1">View Product</a></div><div class="product"><a href="https://www.amazon.com/dp/B0FD9MGDKV?tag=eloabder-20&linkCode=osi&th=1&psc=1"><img src="https://m.media-amazon.com/images/I/51XGj6QgMcL._SL500_.jpg" alt="Product Image"></a><p>Pet Hair Removal Glove for Cats & Dogs, Upgraded Five-Finger Electrostatic Pet Hair Gloves, Reusable Magic Brush Pet Hair Remover Tool for Laundry, Couch, Carpet, Car Seat</p><p> -19% 0FF </p><p>$16.17</p><a href="https://www.amazon.com/dp/B0FD9MGDKV?tag=eloabder-20&linkCode=osi&th=1&psc=1">View Product</a></div>
<div class="product"><a href="https://www.amazon.com/dp/B09K8YYVWV?tag=eloabder-20&linkCode=osi&th=1&psc=1"><img src="https://m.media-amazon.com/images/I/4123dxF1ijL._SL500_.jpg" alt="Product Image"></a><p>Blue Buffalo Life Protection Formula Natural Adult Dry Dog Food, Chicken and Brown Rice 5-lb Trial Size Bag</p><p> -17% 0FF </p><p>$14.98 ($3.00 / lb)</p><a href="https://www.amazon.com/dp/B09K8YYVWV?tag=eloabder-20&linkCode=osi&th=1&psc=1">View Product</a></div><div class="product"><a href="https://www.amazon.com/dp/B0000AH3QT?tag=eloabder-20&linkCode=osi&th=1&psc=1"><img src="https://m.media-amazon.com/images/I/41FXHOzdCWL._SL500_.jpg" alt="Product Image"></a><p>Purina ONE Chicken and Rice Formula Dry Dog Food - 8 lb. Bag</p><p> -9% 0FF </p><p>$16.28 ($2.04 / Pound)</p><a href="https://www.amazon.com/dp/B0000AH3QT?tag=eloabder-20&linkCode=osi&th=1&psc=1">View Product</a></div><div class="product"><a href="https://www.amazon.com/dp/B0000AH3QW?tag=eloabder-20&linkCode=osi&th=1&psc=1"><img src="https://m.media-amazon.com/images/I/41jXsOOPPtL._SL500_.jpg" alt="Product Image"></a><p>Purina ONE Dry Dog Food Lamb and Rice Formula - 8 lb. Bag</p><p> -9% 0FF </p><p>$16.28 ($2.04 / pound)</p><a href="https://www.amazon.com/dp/B0000AH3QW?tag=eloabder-20&linkCode=osi&th=1&psc=1">View Product</a></div><div class="product"><a href="https://www.amazon.com/dp/B09K9FDLFN?tag=eloabder-20&linkCode=osi&th=1&psc=1"><img src="https://m.media-amazon.com/images/I/41fn4P3zY0L._SL500_.jpg" alt="Product Image"></a><p>Blue Buffalo Life Protection Formula Natural Adult Small Breed Dry Dog Food, Chicken and Brown Rice 5-lb Trial Size Bag</p><p> -15% 0FF </p><p>$16.98 ($3.40 / lb)</p><a href="https://www.amazon.com/dp/B09K9FDLFN?tag=eloabder-20&linkCode=osi&th=1&psc=1">View Product</a></div><div class="product"><a href="https://www.amazon.com/dp/B008NHLZ2Y?tag=eloabder-20&linkCode=osi&th=1&psc=1"><img src="https://m.media-amazon.com/images/I/51OqxCyPKTL._SL500_.jpg" alt="Product Image"></a><p>Cesar Wet Dog Food Classic Loaf in Sauce Beef Recipe, Filet Mignon, Grilled Chicken and Porterhouse Steak Variety Pack, 3.5 oz. Easy Peel Trays (24 Count, Pack of 1)</p><p> -11% 0FF </p><p>$24.94 ($1.04 / Count)</p><a href="https://www.amazon.com/dp/B008NHLZ2Y?tag=eloabder-20&linkCode=osi&th=1&psc=1">View Product</a></div><div class="product"><a href="https://www.amazon.com/dp/B00DE7WKVS?tag=eloabder-20&linkCode=osi&th=1&psc=1"><img src="https://m.media-amazon.com/images/I/514-XqvXJJL._SL500_.jpg" alt="Product Image"></a><p>Purina ONE True Instinct With A Blend Of Real Turkey and Venison Dry Dog Food - 15 lb. Bag</p><p> -9% 0FF </p><p>$32.28 ($2.15 / Pound)</p><a href="https://www.amazon.com/dp/B00DE7WKVS?tag=eloabder-20&linkCode=osi&th=1&psc=1">View Product</a></div>
<div class="product"><a href="https://www.amazon.com/dp/B007JXVR76?tag=eloabder-20&linkCode=osi&th=1&psc=1"><img src="https://m.media-amazon.com/images/I/41XRcLETtGL._SL500_.jpg" alt="Product Image"></a><p>Meow Mix Original Choice Dry Cat Food, 6.3 Pound Bag</p><p> -6% 0FF </p><p>$9.29 ($1.47 / lb)</p><a href="https://www.amazon.com/dp/B007JXVR76?tag=eloabder-20&linkCode=osi&th=1&psc=1">View Product</a></div><div class="product"><a href="https://www.amazon.com/dp/B0D9MW74TG?tag=eloabder-20&linkCode=osi&th=1&psc=1"><img src="https://m.media-amazon.com/images/I/51CSHkalU1L._SL500_.jpg" alt="Product Image"></a><p>Meow Mix Gravy Bursts Dry Cat Food, Chicken, 3 LB Bag</p><p> -16% 0FF </p><p>$5.72 ($1.91 / lb)</p><a href="https://www.amazon.com/dp/B0D9MW74TG?tag=eloabder-20&linkCode=osi&th=1&psc=1">View Product</a></div><div class="product"><a href="https://www.amazon.com/dp/B01H3OA7KI?tag=eloabder-20&linkCode=osi&th=1&psc=1"><img src="https://m.media-amazon.com/images/I/51vds1pph5L._SL500_.jpg" alt="Product Image"></a><p>Purina Cat Chow Hairball, Healthy Weight, Indoor, Natural Dry Cat Food, Naturals Indoor - 13 lb. Bag</p><p> -6% 0FF </p><p>$16.99 ($1.31 / lb)</p><a href="https://www.amazon.com/dp/B01H3OA7KI?tag=eloabder-20&linkCode=osi&th=1&psc=1">View Product</a></div><div class="product"><a href="https://www.amazon.com/dp/B01BKYFR7K?tag=eloabder-20&linkCode=osi&th=1&psc=1"><img src="https://m.media-amazon.com/images/I/41GYcHtJdcL._SL500_.jpg" alt="Product Image"></a><p>IAMS Proactive Health Indoor Weight Control & Hairball Care Adult Dry Cat Food, Chicken & Turkey Recipe, 7 lb. Bag</p><p> -11% 0FF </p><p>$16.97 ($2.42 / lb)</p><a href="https://www.amazon.com/dp/B01BKYFR7K?tag=eloabder-20&linkCode=osi&th=1&psc=1">View Product</a></div>
<div class="product"><a href="https://www.amazon.com/dp/B003PMQMK2?tag=eloabder-20&linkCode=osi&th=1&psc=1"><img src="https://m.media-amazon.com/images/I/51rKBA3bcNL._SL500_.jpg" alt="Product Image"></a><p>Milk-Bone MaroSnacks Small Dog Treats With Bone Marrow, 40 Ounce Container</p><p> -21% 0FF </p><p>$11.48 ($4.59 / lb)</p><a href="https://www.amazon.com/dp/B003PMQMK2?tag=eloabder-20&linkCode=osi&th=1&psc=1">View Product</a></div><div class="product"><a href="https://www.amazon.com/dp/B07BVL8TQF?tag=eloabder-20&linkCode=osi&th=1&psc=1"><img src="https://m.media-amazon.com/images/I/41V12A43ClL._SL500_.jpg" alt="Product Image"></a><p>Good ‘n’ Fun Triple Flavor Kabobs Chews for All Dogs, 24 Ounces, Treat Your Dog to Chews Made from Beef Hide, Real Chicken, Pork Hide, Duck and Chicken Liver</p><p> -27% 0FF </p><p>$15.98 ($10.65 / lb)</p><a href="https://www.amazon.com/dp/B07BVL8TQF?tag=eloabder-20&linkCode=osi&th=1&psc=1">View Product</a></div><div class="product"><a href="https://www.amazon.com/dp/B006HKA6II?tag=eloabder-20&linkCode=osi&th=1&psc=1"><img src="https://m.media-amazon.com/images/I/41sdmNauoVL._SL500_.jpg" alt="Product Image"></a><p>Milk-Bone Soft & Chewy Dog Treats, Beef & Filet Mignon Recipe, 25 Ounce</p><p> -7% 0FF </p><p>$14.48 ($9.27 / lb)</p><a href="https://www.amazon.com/dp/B006HKA6II?tag=eloabder-20&linkCode=osi&th=1&psc=1">View Product</a></div><div class="product"><a href="https://www.amazon.com/dp/B006W6YHHI?tag=eloabder-20&linkCode=osi&th=1&psc=1"><img src="https://m.media-amazon.com/images/I/51VcU1tm-7L._SL500_.jpg" alt="Product Image"></a><p>Greenies Original Regular Dental Dog Treats, 36 oz. Pack (36 Treats)</p><p> -8% 0FF </p><p>$36.97 ($16.43 / lb)</p><a href="https://www.amazon.com/dp/B006W6YHHI?tag=eloabder-20&linkCode=osi&th=1&psc=1">View Product</a></div><div class="product"><a href="https://www.amazon.com/dp/B07D323MFZ?tag=eloabder-20&linkCode=osi&th=1&psc=1"><img src="https://m.media-amazon.com/images/I/41OTio6+siL._SL500_.jpg" alt="Product Image"></a><p>INABA Churu Cat Treats, Grain-Free, Lickable, Squeezable Creamy Purée Cat Treat/Topper with Vitamin E & Taurine, 0.5 Ounces Each Tube, 50 Tubes, Tuna & Chicken Variety</p><p> -18% 0FF </p><p>$32.96 ($1.32 / Ounce)</p><a href="https://www.amazon.com/dp/B07D323MFZ?tag=eloabder-20&linkCode=osi&th=1&psc=1">View Product</a></div><div class="product"><a href="https://www.amazon.com/dp/B09MZDFLSV?tag=eloabder-20&linkCode=osi&th=1&psc=1"><img src="https://m.media-amazon.com/images/I/51mXUxhYDiL._SL500_.jpg" alt="Product Image"></a><p>Full Moon All Natural Human Grade Dog Treats, Essential Beef Savory Sticks, 22 Ounce, 1.375 Pound (Pack of 1)</p><p> -10% 0FF </p><p>$17.94 ($13.05 / lb)</p><a href="https://www.amazon.com/dp/B09MZDFLSV?tag=eloabder-20&linkCode=osi&th=1&psc=1">View Product</a></div><div class="product"><a href="https://www.amazon.com/dp/B07BVLGZW6?tag=eloabder-20&linkCode=osi&th=1&psc=1"><img src="https://m.media-amazon.com/images/I/51g5KoU0RiL._SL500_.jpg" alt="Product Image"></a><p>Good ‘n’ Fun Triple Flavor Wings Chews for All Dogs, 12 Ounces, Treat Your Dog to Long-Lasting Chews Made with Chicken, Pork Hide and Beef Hide</p><p> -27% 0FF </p><p>$10.48 ($13.97 / lb)</p><a href="https://www.amazon.com/dp/B07BVLGZW6?tag=eloabder-20&linkCode=osi&th=1&psc=1">View Product</a></div>
<div class="product"><a href="https://www.amazon.com/dp/B01EX0H12M?tag=eloabder-20&linkCode=osi&th=1&psc=1"><img src="https://m.media-amazon.com/images/I/41tpUtk3FGL._SL500_.jpg" alt="Product Image"></a><p>Full Moon Chicken Jerky Healthy All Natural Dog Treats Human Grade Made in USA Grain Free, 1.5 Pound (Pack of 1)</p><p> -19% 0FF </p><p>$26.44 ($17.63 / lb)</p><a href="https://www.amazon.com/dp/B01EX0H12M?tag=eloabder-20&linkCode=osi&th=1&psc=1">View Product</a></div>
<div class="product"><a href="https://www.amazon.com/dp/B07BTRHM75?tag=eloabder-20&linkCode=osi&th=1&psc=1"><img src="https://m.media-amazon.com/images/I/51yN5sax9BL._SL500_.jpg" alt="Product Image"></a><p>Delectables Bisque Lickable Wet Cat Treats - Chicken, Tuna & Shrimp, 12 count</p><p> -9% 0FF </p><p>$12.94 ($0.77 / Ounce)</p><a href="https://www.amazon.com/dp/B07BTRHM75?tag=eloabder-20&linkCode=osi&th=1&psc=1">View Product</a></div><div class="product"><a href="https://www.amazon.com/dp/B00M0FK8UU?tag=eloabder-20&linkCode=osi&th=1&psc=1"><img src="https://m.media-amazon.com/images/I/517+RuVAECL._SL500_.jpg" alt="Product Image"></a><p>Temptations MixUps Surfer's Delight Flavor Crunchy and Soft Cat Treats, 16 oz. Tub</p><p> -8% 0FF </p><p>$7.80 ($0.49 / Ounce)</p><a href="https://www.amazon.com/dp/B00M0FK8UU?tag=eloabder-20&linkCode=osi&th=1&psc=1">View Product</a></div><div class="product"><a href="https://www.amazon.com/dp/B07KGXQ1WC?tag=eloabder-20&linkCode=osi&th=1&psc=1"><img src="https://m.media-amazon.com/images/I/51lx-r6UP1L._SL500_.jpg" alt="Product Image"></a><p>Temptations Classic Crunchy and Soft Cat Treats, Shrimpy Shrimp Flavor, 16 oz. Tub</p><p> -25% 0FF </p><p>$6.36 ($0.40 / Ounce)</p><a href="https://www.amazon.com/dp/B07KGXQ1WC?tag=eloabder-20&linkCode=osi&th=1&psc=1">View Product</a></div>
<div class="product"><a href="https://www.amazon.com/dp/B0BHN7K52L?tag=eloabder-20&linkCode=osi&th=1&psc=1"><img src="https://m.media-amazon.com/images/I/41VtkP72E7L._SL500_.jpg" alt="Product Image"></a><p>Dog Toys for Aggresive Chewers - Tough,Indestructible Dog Toys for Large, Medium,Small Breed to Keep Them Busy</p><p> -38% 0FF </p><p>$9.99</p><a href="https://www.amazon.com/dp/B0BHN7K52L?tag=eloabder-20&linkCode=osi&th=1&psc=1">View Product</a></div><div class="product"><a href="https://www.amazon.com/dp/B000F4AVPA?tag=eloabder-20&linkCode=osi&th=1&psc=1"><img src="https://m.media-amazon.com/images/I/31NKTw5DUeL._SL500_.jpg" alt="Product Image"></a><p>Chuckit! Ultra Ball Dog Toy - Medium Bouncy Fetch Balls For Dogs 20-60 lbs - Made from Durable Rubber - Floating Water Pet Toys - Size Medium - 2.5-inch Diameter - Pack of 2</p><p> -35% 0FF </p><p>$7.13</p><a href="https://www.amazon.com/dp/B000F4AVPA?tag=eloabder-20&linkCode=osi&th=1&psc=1">View Product</a></div><div class="product"><a href="https://www.amazon.com/dp/B0B1LVKG8D?tag=eloabder-20&linkCode=osi&th=1&psc=1"><img src="https://m.media-amazon.com/images/I/51bjl2slJTL._SL500_.jpg" alt="Product Image"></a><p>Fuufome Large Squeaky Dog Toys- Plush Dog Toys with Soft Fabric for Small, Medium, and Large Dogs Daily Companionship, Training Reward Gift</p><p> -41% 0FF </p><p>$9.49</p><a href="https://www.amazon.com/dp/B0B1LVKG8D?tag=eloabder-20&linkCode=osi&th=1&psc=1">View Product</a></div>

<div class="product"><a href="https://www.amazon.com/dp/B01AHM6P18?tag=eloabder-20&linkCode=osi&th=1&psc=1"><img src="https://m.media-amazon.com/images/I/51z5bUF-cpL._SL500_.jpg" alt="Product Image"></a><p>Fashion's Talk Cat Toys Variety Pack for Kitty 20 Pieces</p><p> -21% 0FF </p><p>$9.49</p><a href="https://www.amazon.com/dp/B01AHM6P18?tag=eloabder-20&linkCode=osi&th=1&psc=1">View Product</a></div><div class="product"><a href="https://www.amazon.com/dp/B0DG1X5KHM?tag=eloabder-20&linkCode=osi&th=1&psc=1"><img src="https://m.media-amazon.com/images/I/31YvLOoWZsL._SL500_.jpg" alt="Product Image"></a><p>Jkanti Interactive Cat Toys for Indoor Cats,The 3rd Generation Agile Moving Cat Ball with Elastic Mesh Tail,Automatic Kitten Toys for Bored Indoor Adult Cats,Motion Activated (Orange)</p><p> -10% 0FF </p><p>$17.99</p><a href="https://www.amazon.com/dp/B0DG1X5KHM?tag=eloabder-20&linkCode=osi&th=1&psc=1">View Product</a></div><div class="product"><a href="https://www.amazon.com/dp/B0D6W8B4FM?tag=eloabder-20&linkCode=osi&th=1&psc=1"><img src="https://m.media-amazon.com/images/I/31tkIoBZ3tL._SL500_.jpg" alt="Product Image"></a><p>TBTeek Cat Toys, USB Rechargeable Kitten Toy, 3 Light Modes & 5 Adjustable Patterns, Portable Interactive Pet Dog Cat Mouse Toy for Fun Chase Play Exercise</p><p> -13% 0FF </p><p>$6.97</p><a href="https://www.amazon.com/dp/B0D6W8B4FM?tag=eloabder-20&linkCode=osi&th=1&psc=1">View Product</a></div><div class="product"><a href="https://www.amazon.com/dp/B0CZ3YD1V6?tag=eloabder-20&linkCode=osi&th=1&psc=1"><img src="https://m.media-amazon.com/images/I/41nrT5-eUfL._SL500_.jpg" alt="Product Image"></a><p>Potaroma Cat Toys Chew Ropes 3Pcs with Refillable Natural Catnip, Safe Teeth Cleaning Toy for Indoor Kittens, Interactive Cat Nip Kitty Toys for All Breeds 19.5 Inches</p><p> -42% 0FF </p><p>$7.59</p><a href="https://www.amazon.com/dp/B0CZ3YD1V6?tag=eloabder-20&linkCode=osi&th=1&psc=1">View Product</a></div><div class="product"><a href="https://www.amazon.com/dp/B09WHBG4DV?tag=eloabder-20&linkCode=osi&th=1&psc=1"><img src="https://m.media-amazon.com/images/I/41eXntBWimL._SL500_.jpg" alt="Product Image"></a><p>Potaroma Cat Toys Pillows, 3 Pack, Soft and Durable Crinkle Sound with Catnip Inside, Interactive Indoor Kitten Kicker, Promotes Kitty Exercise</p><p> -38% 0FF </p><p>$9.98</p><a href="https://www.amazon.com/dp/B09WHBG4DV?tag=eloabder-20&linkCode=osi&th=1&psc=1">View Product</a></div>
<div class="product"><a href="https://www.amazon.com/dp/B08CXGYW1Q?tag=eloabder-20&linkCode=osi&th=1&psc=1"><img src="https://m.media-amazon.com/images/I/51TwJcM8A9L._SL500_.jpg" alt="Product Image"></a><p>Bedsure Calming Dog Bed Medium Size Dog - Donut Washable Medium Pet Bed, 30 inches Anti-Slip Round Fluffy Plush Faux Fur Cat Bed, Fits up to 45 lbs Pets, Camel</p><p> -7% 0FF </p><p>$39.99</p><a href="https://www.amazon.com/dp/B08CXGYW1Q?tag=eloabder-20&linkCode=osi&th=1&psc=1">View Product</a></div><div class="product"><a href="https://www.amazon.com/dp/B0DBYVR7LH?tag=eloabder-20&linkCode=osi&th=1&psc=1"><img src="https://m.media-amazon.com/images/I/51Mdi5roe1L._SL500_.jpg" alt="Product Image"></a><p>Hoewina Dog & Cat Bed for Indoor Cats, 20in Calming Donut Bed for Puppy and Kitten, Washable Round Fluffy Pet Bed for Small Medium Dogs and Cats (Light Grey)</p><p> -18% 0FF </p><p>$9.85</p><a href="https://www.amazon.com/dp/B0DBYVR7LH?tag=eloabder-20&linkCode=osi&th=1&psc=1">View Product</a></div><div class="product"><a href="https://www.amazon.com/dp/B0FBLRWFC1?tag=eloabder-20&linkCode=osi&th=1&psc=1"><img src="https://m.media-amazon.com/images/I/41qIhp9dq7L._SL500_.jpg" alt="Product Image"></a><p>Donut Dog Bed for Small Medium Dogs Cats, 18 inch Calming Washable-Round Cozy Soft Pet Bed for Puppy and Kitten with Slip-Resistant Bottom</p><p> -50% 0FF </p><p>$9.99</p><a href="https://www.amazon.com/dp/B0FBLRWFC1?tag=eloabder-20&linkCode=osi&th=1&psc=1">View Product</a></div><div class="product"><a href="https://www.amazon.com/dp/B000TZ73EW?tag=eloabder-20&linkCode=osi&th=1&psc=1"><img src="https://m.media-amazon.com/images/I/41PrtjgWzEL._SL500_.jpg" alt="Product Image"></a><p>MidWest Homes for Pets QuietTime XXS Dog Bed – Cinnamon Faux Fur Bolster, Ultra-Soft and Machine Washable, Fits 18-Inch Crates and Carriers, for Small Dogs and Cats</p><p> -13% 0FF </p><p>$11.33</p><a href="https://www.amazon.com/dp/B000TZ73EW?tag=eloabder-20&linkCode=osi&th=1&psc=1">View Product</a></div>

<div class="product"><a href="https://www.amazon.com/dp/B07MFYSKCL?tag=eloabder-20&linkCode=osi&th=1&psc=1"><img src="https://m.media-amazon.com/images/I/41WrfqDuWpL._SL500_.jpg" alt="Product Image"></a><p>Love's cabin Round Donut Cat and Dog Cushion Bed, 20in Bed for Cats or Small Dogs, Anti-Slip & Water-Resistant Bottom, Super Soft Durable Fabric Pet Beds, Washable Luxury Cat & Dog Bed Gray</p><p> -20% 0FF </p><p>$15.99</p><a href="https://www.amazon.com/dp/B07MFYSKCL?tag=eloabder-20&linkCode=osi&th=1&psc=1">View Product</a></div><div class="product"><a href="https://www.amazon.com/dp/B08CY5VR5W?tag=eloabder-20&linkCode=osi&th=1&psc=1"><img src="https://m.media-amazon.com/images/I/51Hp7ZTQiFL._SL500_.jpg" alt="Product Image"></a><p>Bedsure Cat Beds for Indoor Cats - Large Cat Cave for Pet Cat House with Fluffy Ball Hanging and Scratch Pad, Foldable Cat Hideaway, 16.5x16.5x13 inches, Grey</p><p> -20% 0FF </p><p>$23.99</p><a href="https://www.amazon.com/dp/B08CY5VR5W?tag=eloabder-20&linkCode=osi&th=1&psc=1">View Product</a></div><div class="product"><a href="https://www.amazon.com/dp/B06XF6VH2N?tag=eloabder-20&linkCode=osi&th=1&psc=1"><img src="https://m.media-amazon.com/images/I/41+7YS2mbWL._SL500_.jpg" alt="Product Image"></a><p>Furhaven ThermaNAP Self-Warming Cat Bed for Indoor Cats & Small Dogs, Washable & Reflects Body Heat - Quilted Faux Fur Reflective Bed Mat - Gray, Small</p><p> -8% 0FF </p><p>$11.99</p><a href="https://www.amazon.com/dp/B06XF6VH2N?tag=eloabder-20&linkCode=osi&th=1&psc=1">View Product</a></div><div class="product"><a href="https://www.amazon.com/dp/B0DDKRS437?tag=eloabder-20&linkCode=osi&th=1&psc=1"><img src="https://m.media-amazon.com/images/I/31eWtW2c9JL._SL500_.jpg" alt="Product Image"></a><p>BALANCE Cat Bed Kitten Bed, Washable Round Cat Beds for Indoor Cats, Super Soft Plush Faux Fur Pet Bed for Puppy and Kitten with Anti-Slip Bottom</p><p> -21% 0FF </p><p>$28.49</p><a href="https://www.amazon.com/dp/B0DDKRS437?tag=eloabder-20&linkCode=osi&th=1&psc=1">View Product</a></div>
<div class="product"><a href="https://www.amazon.com/dp/B0BFG9Z2P9?tag=eloabder-20&linkCode=osi&th=1&psc=1"><img src="https://m.media-amazon.com/images/I/418f7l64RZL._SL500_.jpg" alt="Product Image"></a><p>Tomkas Small Dog Sling Carrier - Classic Pocket & Classic Strap - for 3-10 lbs Pets(Black)</p><p> -5% 0FF </p><p>$13.29</p><a href="https://www.amazon.com/dp/B0BFG9Z2P9?tag=eloabder-20&linkCode=osi&th=1&psc=1">View Product</a></div>
<div class="product"><a href="https://www.amazon.com/dp/B0CTF8S82M?tag=eloabder-20&linkCode=osi&th=1&psc=1"><img src="https://m.media-amazon.com/images/I/31iR7d1zNSL._SL500_.jpg" alt="Product Image"></a><p>Dog Carrier Sling - Reversible Puppy Carrier Purse with Storage Pocket, Hand-Free Dog Sling Carrier for Carry Small Dogs and Cats, Travel Safety Harness, Dog and Cat Harness(Black)</p><p> -17% 0FF </p><p>$9.99</p><a href="https://www.amazon.com/dp/B0CTF8S82M?tag=eloabder-20&linkCode=osi&th=1&psc=1">View Product</a></div><div class="product"><a href="https://www.amazon.com/dp/B09MJ131L5?tag=eloabder-20&linkCode=osi&th=1&psc=1"><img src="https://m.media-amazon.com/images/I/51vCG0gYKFL._SL500_.jpg" alt="Product Image"></a><p>GAPZER Pet Carrier for Large Cats, Soft-Sided Cat Carrier for Medium Big Cats and Puppy up to 20lbs, Washable Dog Carrier Privacy Protection for Home Outdoor Travel</p><p> -25% 0FF </p><p>$29.99</p><a href="https://www.amazon.com/dp/B09MJ131L5?tag=eloabder-20&linkCode=osi&th=1&psc=1">View Product</a></div><div class="product"><a href="https://www.amazon.com/dp/B0CGB1SRGH?tag=eloabder-20&linkCode=osi&th=1&psc=1"><img src="https://m.media-amazon.com/images/I/51x07O9JhRL._SL500_.jpg" alt="Product Image"></a><p>Soft Sided Cat/Dog Carrier,Collapsible Pets Travel Carriers for Pet/Puppy with Shoulder Strap & Removable Mat,Mesh Top Load Small Dogs/Cats Carry Bag Up to 17 Lbs TSA Airline Approved（Black,M）</p><p> -15% 0FF </p><p>$17.77 ($17.77 / Count)</p><a href="https://www.amazon.com/dp/B0CGB1SRGH?tag=eloabder-20&linkCode=osi&th=1&psc=1">View Product</a></div>

<div class="product"><a href="https://www.amazon.com/dp/B0BHYZV3HY?tag=eloabder-20&linkCode=osi&th=1&psc=1"><img src="https://m.media-amazon.com/images/I/51GsL7XYrvL._SL500_.jpg" alt="Product Image"></a><p>oneisall Dog Grooming Vacuum, Pet Grooming Vacuum with Clipper Nail Grinder, 1.5L Dust Cup Dog deshedding Vacuum Brush with 7 Pet Grooming Tools for Shedding Pet Hair, Home Cleaning(Blue)</p><p> -9% 0FF </p><p>$99.99</p><a href="https://www.amazon.com/dp/B0BHYZV3HY?tag=eloabder-20&linkCode=osi&th=1&psc=1">View Product</a></div><div class="product"><a href="https://www.amazon.com/dp/B01330IKAA?tag=eloabder-20&linkCode=osi&th=1&psc=1"><img src="https://m.media-amazon.com/images/I/31tp596fu2L._SL500_.jpg" alt="Product Image"></a><p>BioSilk for Dogs Silk Therapy Detangling Plus Shine Mist for Dogs | Best Detangling Spray for All Dogs & Puppies for Shiny Coats and Dematting | 8 Oz Bottle (Packaging May Vary)</p><p> -11% 0FF </p><p>$8.92</p><a href="https://www.amazon.com/dp/B01330IKAA?tag=eloabder-20&linkCode=osi&th=1&psc=1">View Product</a></div><div class="product"><a href="https://www.amazon.com/dp/B00VC8DQX2?tag=eloabder-20&linkCode=osi&th=1&psc=1"><img src="https://m.media-amazon.com/images/I/41o8MrUqR1L._SL500_.jpg" alt="Product Image"></a><p>SleekEZ Dog Brush for Shedding & Dog Grooming Supplies | Pet Hair Removal Tool | Great For All Fur Types | For Short, Medium, & Long Hair Pets | Reduces Shedding by 95% | Made in USA | 1 pack | 5 inch</p><p> -15% 0FF </p><p>$19.97</p><a href="https://www.amazon.com/dp/B00VC8DQX2?tag=eloabder-20&linkCode=osi&th=1&psc=1">View Product</a></div><div class="product"><a href="https://www.amazon.com/dp/B0002H3RBU?tag=eloabder-20&linkCode=osi&th=1&psc=1"><img src="https://m.media-amazon.com/images/I/41G42uu7qBL._SL500_.jpg" alt="Product Image"></a><p>Miracle Care Kwik Stop Styptic Powder For Dogs, Cats and Birds, 0.5 Ounce, Fast Acting Blood Stop Powder with Pain Relieving Benzocaine</p><p> -5% 0FF </p><p>$9.99</p><a href="https://www.amazon.com/dp/B0002H3RBU?tag=eloabder-20&linkCode=osi&th=1&psc=1">View Product</a></div><div class="product"><a href="https://www.amazon.com/dp/B0CNZB3L28?tag=eloabder-20&linkCode=osi&th=1&psc=1"><img src="https://m.media-amazon.com/images/I/41XWOVhEWmL._SL500_.jpg" alt="Product Image"></a><p>MEDUWEDU Ear Cleaner Finger Wipes 60 Counts, Dog Ear Cleaner, Grooming Kit Care for Dogs and Cats, Soft & Easy Otic Cleaning Pads, Remove Wax, Dirt & Stop Smelly, Itchy, Non-Irritating, Coconut Scent</p><p> -13% 0FF </p><p>$6.97</p><a href="https://www.amazon.com/dp/B0CNZB3L28?tag=eloabder-20&linkCode=osi&th=1&psc=1">View Product</a></div><div class="product"><a href="https://www.amazon.com/dp/B01HRSZRXM?tag=eloabder-20&linkCode=osi&th=1&psc=1"><img src="https://m.media-amazon.com/images/I/51jzCKDndHL._SL500_.jpg" alt="Product Image"></a><p>oneisall Dog Clipper Low Noise, Dog Grooming Kit with Rechargeable, Pet Shaver Cordless Electric Quiet Hair Clipper Set for Dogs Cats Pets（Gold）</p><p> -25% 0FF </p><p>$29.99</p><a href="https://www.amazon.com/dp/B01HRSZRXM?tag=eloabder-20&linkCode=osi&th=1&psc=1">View Product</a></div>
<div class="product"><a href="https://www.amazon.com/dp/B07CXQQ4Q5?tag=eloabder-20&linkCode=osi&th=1&psc=1"><img src="https://m.media-amazon.com/images/I/41fZKGIVQRL._SL500_.jpg" alt="Product Image"></a><p>PetArmor 7 Way De-Wormer for Dogs, Oral Treatment for Tapeworm, Roundworm & Hookworm in Large Dogs & Puppies (Over 25 lbs), Worm Remover (Praziquantel & Pyrantel Pamoate), 2 Flavored Chewables</p><p> -10% 0FF </p><p>$18.00 ($9.00 / Count)</p><a href="https://www.amazon.com/dp/B07CXQQ4Q5?tag=eloabder-20&linkCode=osi&th=1&psc=1">View Product</a></div><div class="product"><a href="https://www.amazon.com/dp/B000O5DHT2?tag=eloabder-20&linkCode=osi&th=1&psc=1"><img src="https://m.media-amazon.com/images/I/41Am2odDJjL._SL500_.jpg" alt="Product Image"></a><p>Merial Zimecterin Gold Dewormer Paste for Horses, 7.35gm (Packaging May Vary)</p><p> -20% 0FF </p><p>$16.69</p><a href="https://www.amazon.com/dp/B000O5DHT2?tag=eloabder-20&linkCode=osi&th=1&psc=1">View Product</a></div><div class="product"><a href="https://www.amazon.com/dp/B078YCWFKK?tag=eloabder-20&linkCode=osi&th=1&psc=1"><img src="https://m.media-amazon.com/images/I/41+lFxJHMCL._SL500_.jpg" alt="Product Image"></a><p>Durvet 2251171 Wormer-Double Strength Liquid Dog</p><p> -8% 0FF </p><p>$27.78</p><a href="https://www.amazon.com/dp/B078YCWFKK?tag=eloabder-20&linkCode=osi&th=1&psc=1">View Product</a></div>
<div class="product"><a href="https://www.amazon.com/dp/B0BR5VST5N?tag=eloabder-20&linkCode=osi&th=1&psc=1"><img src="https://m.media-amazon.com/images/I/31smh+Fyk0L._SL500_.jpg" alt="Product Image"></a><p>IMIPAW Automatic Cat Feeders, 3L Timed Cat Dry Food Dispenser, Dual Power Supply, Programmable Portion Size, Auto Pet Feeder for Cats and Small Dogs</p><p> -28% 0FF </p><p>$25.99</p><a href="https://www.amazon.com/dp/B0BR5VST5N?tag=eloabder-20&linkCode=osi&th=1&psc=1">View Product</a></div><div class="product"><a href="https://www.amazon.com/dp/B0DF7H6SGZ?tag=eloabder-20&linkCode=osi&th=1&psc=1"><img src="https://m.media-amazon.com/images/I/41kiwgcXNWL._SL500_.jpg" alt="Product Image"></a><p>Automatic Cat Feeder, 4L Cat Food Dispenser with 10s Voice Recorder, Pet Feeder up to 8 Meals per Day, Timed Dog Feeder with Dry Food Sealed Ring (White, 4L-Basic)</p><p> -18% 0FF </p><p>$22.09</p><a href="https://www.amazon.com/dp/B0DF7H6SGZ?tag=eloabder-20&linkCode=osi&th=1&psc=1">View Product</a></div><div class="product"><a href="https://www.amazon.com/dp/B0DQLJJ5XT?tag=eloabder-20&linkCode=osi&th=1&psc=1"><img src="https://m.media-amazon.com/images/I/31AWcXWoThL._SL500_.jpg" alt="Product Image"></a><p>Dual Automatic Cat Feeder 2 Cats,6 Meals/Day,12 Portions/Meal,4.2L Dual Power Double Bowls Feeder,Dry Food Auto Pet Dispenser,10S Voice Record,Flexible Schedule Timer (Black,Stainless Dual Bowls)</p><p> -39% 0FF </p><p>$29.99</p><a href="https://www.amazon.com/dp/B0DQLJJ5XT?tag=eloabder-20&linkCode=osi&th=1&psc=1">View Product</a></div><div class="product"><a href="https://www.amazon.com/dp/B0DMFGFQ39?tag=eloabder-20&linkCode=osi&th=1&psc=1"><img src="https://m.media-amazon.com/images/I/31uwj+gO+sL._SL500_.jpg" alt="Product Image"></a><p>ZOMISIA Gravity Cat Feeder and Water Dispenser, 2 in 1 Cat Self Feeder with 180 Degree Rotatable, 2 Pack Automatic Feeding Large Capacity for Small Medium Dog Puppy Kitten, Black, 0.8 Gallon x 2</p><p> -21% 0FF </p><p>$28.49</p><a href="https://www.amazon.com/dp/B0DMFGFQ39?tag=eloabder-20&linkCode=osi&th=1&psc=1">View Product</a></div><div class="product"><a href="https://www.amazon.com/dp/B09S8WMJY9?tag=eloabder-20&linkCode=osi&th=1&psc=1"><img src="https://m.media-amazon.com/images/I/41BhIBNEoGL._SL500_.jpg" alt="Product Image"></a><p>PETLIBRO Automatic Cat Feeder, 5G WiFi Automatic Dog Food Dispenser with Freshness Preservation, 5L Timed Pet Feeder with Low Food Sensor, Up to 10 Meals Per Day, Granary Black</p><p> -30% 0FF </p><p>$69.99</p><a href="https://www.amazon.com/dp/B09S8WMJY9?tag=eloabder-20&linkCode=osi&th=1&psc=1">View Product</a></div><div class="product"><a href="https://www.amazon.com/dp/B0F1MQQ2S3?tag=eloabder-20&linkCode=osi&th=1&psc=1"><img src="https://m.media-amazon.com/images/I/41jCkjw2PhL._SL500_.jpg" alt="Product Image"></a><p>HoneyGuaridan Automatic Cat Feeder for Two Cats, Food Dispenser with Stainless Steel Bowl,Timed Cat Feeder Programmable 1-6 Meals Control, Dual Power Supply,10s Meal Call Black</p><p> -15% 0FF </p><p>$46.99</p><a href="https://www.amazon.com/dp/B0F1MQQ2S3?tag=eloabder-20&linkCode=osi&th=1&psc=1">View Product</a></div>
<div class="product"><a href="https://www.amazon.com/dp/B0C4TF7Z92?tag=eloabder-20&linkCode=osi&th=1&psc=1"><img src="https://m.media-amazon.com/images/I/51I2UG6QOyL._SL500_.jpg" alt="Product Image"></a><p>NEEZUKAR Dog Car Seat for Small Medium Dogs,Detachable Washable Dog Booster Seat Under 30lbs, Pet Car Seat Travel Bed with Storage Pockets and Dog Safety Belt (Black)</p><p> -10% 0FF </p><p>$44.99 ($44.99 / Count)</p><a href="https://www.amazon.com/dp/B0C4TF7Z92?tag=eloabder-20&linkCode=osi&th=1&psc=1">View Product</a></div><div class="product"><a href="https://www.amazon.com/dp/B0CB2S7PVV?tag=eloabder-20&linkCode=osi&th=1&psc=1"><img src="https://m.media-amazon.com/images/I/51+FMM25wiL._SL500_.jpg" alt="Product Image"></a><p>Dog Car Seat - Memory Foam Dog Booster Seat for Small Dogs Up to 25lbs-Elevated Pet Car Seat with Storage Pockets and Dog Seat Belt-Soft Pet Travel Bed for Front & Back Seats-Removable Washable-Grey</p><p> -28% 0FF </p><p>$35.97 ($0.45 / Count)</p><a href="https://www.amazon.com/dp/B0CB2S7PVV?tag=eloabder-20&linkCode=osi&th=1&psc=1">View Product</a></div><div class="product"><a href="https://www.amazon.com/dp/B0B8VF4MW1?tag=eloabder-20&linkCode=osi&th=1&psc=1"><img src="https://m.media-amazon.com/images/I/51sbdmnFJwL._SL500_.jpg" alt="Product Image"></a><p>PETSFIT Dog Car Seats for Small Dogs, Patent Safe Buckles Dog Booster Car Seat, Cat Cars Seat with Safety Belt, Suitable for Small Pets Up to 25lbs (Grey)</p><p> -9% 0FF </p><p>$35.97</p><a href="https://www.amazon.com/dp/B0B8VF4MW1?tag=eloabder-20&linkCode=osi&th=1&psc=1">View Product</a></div><div class="product"><a href="https://www.amazon.com/dp/B0C811NJ98?tag=eloabder-20&linkCode=osi&th=1&psc=1"><img src="https://m.media-amazon.com/images/I/51MjeG4jB6L._SL500_.jpg" alt="Product Image"></a><p>SlowTon Console Dog Car Seat - Portable Dogs Armrest Booster Seat for Small Dog, Anti-Collapse Pet Car Seat with Soft Cushion Safety Belt, Support Pet Up to 11lbs (Black)</p><p> -5% 0FF </p><p>$37.89 ($37.89 / Count)</p><a href="https://www.amazon.com/dp/B0C811NJ98?tag=eloabder-20&linkCode=osi&th=1&psc=1">View Product</a></div><div class="product"><a href="https://www.amazon.com/dp/B0D2D2T38B?tag=eloabder-20&linkCode=osi&th=1&psc=1"><img src="https://m.media-amazon.com/images/I/41rFustc3hL._SL500_.jpg" alt="Product Image"></a><p>HEGGCOOE Small Dog Car Seat, Memory Foam Dog Booster Car Seats with Thick Cushion for Medium Dogs Under 35lbs, Detachable Washable Dog Bed for Car, Pet Carseat with Storage Pockets,2 Safety Belts</p><p> -15% 0FF </p><p>$58.63</p><a href="https://www.amazon.com/dp/B0D2D2T38B?tag=eloabder-20&linkCode=osi&th=1&psc=1">View Product</a></div>
<div class="product"><a href="https://www.amazon.com/dp/B0D6Z4L6BW?tag=eloabder-20&linkCode=osi&th=1&psc=1"><img src="https://m.media-amazon.com/images/I/515L+bqRRKL._SL500_.jpg" alt="Product Image"></a><p>Tractive Smart Dog GPS Tracker | Live Pet Tracker with Virtual Fence | Vital Signs Monitoring of Heart & Respiratory Rate | Bark Monitoring | Dog Collar Attachment (Black)</p><p> -40% 0FF </p><p>$41.40</p><a href="https://www.amazon.com/dp/B0D6Z4L6BW?tag=eloabder-20&linkCode=osi&th=1&psc=1">View Product</a></div><div class="product"><a href="https://www.amazon.com/dp/B0C75D8QZ9?tag=eloabder-20&linkCode=osi&th=1&psc=1"><img src="https://m.media-amazon.com/images/I/51RJI30GT5L._SL500_.jpg" alt="Product Image"></a><p>Tractive Smart Cat GPS Tracker | Real-Time Location & Wellness Monitoring for Cats 6.5 lbs+ | Territory & Location History | Up to 5-Day Battery | Breakaway Collar Included (Dark Blue)</p><p> -14% 0FF </p><p>$29.40</p><a href="https://www.amazon.com/dp/B0C75D8QZ9?tag=eloabder-20&linkCode=osi&th=1&psc=1">View Product</a></div><div class="product"><a href="https://www.amazon.com/dp/B0C2C5LP16?tag=eloabder-20&linkCode=osi&th=1&psc=1"><img src="https://m.media-amazon.com/images/I/41nG8vcAwrL._SL500_.jpg" alt="Product Image"></a><p>Tractive XL Smart Dog GPS Tracker | Live Pet Tracker with Virtual Fence | Vital Signs Monitoring of Heart & Respiratory Rate | Up to 1-Month Battery Life | Dog Collar Attachment (Green)</p><p> -41% 0FF </p><p>$41.40</p><a href="https://www.amazon.com/dp/B0C2C5LP16?tag=eloabder-20&linkCode=osi&th=1&psc=1">View Product</a></div>
<div class="product"><a href="https://www.amazon.com/dp/B0BJZMBBQM?tag=eloabder-20&linkCode=osi&th=1&psc=1"><img src="https://m.media-amazon.com/images/I/41XUAqCwkyL._SL500_.jpg" alt="Product Image"></a><p>Potaroma Cat Toys Flapping Bird (No Flying), Lifelike Sandpiper Chirp Tweet, Rechargeable Touch Activated Kitten Toy Interactive Cat Exercise Toys for All Breeds Cat Kicker Catnip Toys 4.0"</p><p> -10% 0FF </p><p>$17.98</p><a href="https://www.amazon.com/dp/B0BJZMBBQM?tag=eloabder-20&linkCode=osi&th=1&psc=1">View Product</a></div><div class="product"><a href="https://www.amazon.com/dp/B0D4V9V39Y?tag=eloabder-20&linkCode=osi&th=1&psc=1"><img src="https://m.media-amazon.com/images/I/41g+ya1722L._SL500_.jpg" alt="Product Image"></a><p>BoYoYo Interactive Dog Puzzle Toys for Boredom, Dogs Enrichment Toy to Keep Them Busy, Treat Dispensing Slow Feeder</p><p> -19% 0FF </p><p>$12.99</p><a href="https://www.amazon.com/dp/B0D4V9V39Y?tag=eloabder-20&linkCode=osi&th=1&psc=1">View Product</a></div>

<div class="product"><a href="https://www.amazon.com/dp/B0FJ2NPL47?tag=eloabder-20&linkCode=osi&th=1&psc=1"><img src="https://m.media-amazon.com/images/I/51TDSHRvQDL._SL500_.jpg" alt="Product Image"></a><p>Pet Hair Removal Glove for Dogs & Cats, Newly Upgraded Reusable Electrostatic Pet Hair Gloves, Pet Hair Remover Tool for Clothing, Couch, Carpet, Car Seat</p><p> -15% 0FF </p><p>$16.99</p><a href="https://www.amazon.com/dp/B0FJ2NPL47?tag=eloabder-20&linkCode=osi&th=1&psc=1">View Product</a></div><div class="product"><a href="https://www.amazon.com/dp/B0DMWBS87F?tag=eloabder-20&linkCode=osi&th=1&psc=1"><img src="https://m.media-amazon.com/images/I/51Q8Cx4sNWL._SL500_.jpg" alt="Product Image"></a><p>Paw Science Dog Eye Wipes - Hypoallergenic Eye & Face Wipes for Dogs, Cats, & Puppy - Pet Tear Stain Remover & Cleaner - Gently Cleans & Removes Discharge, Crust, & Gunk (Coconut)</p><p> -36% 0FF </p><p>$8.99 ($0.09 / Count)</p><a href="https://www.amazon.com/dp/B0DMWBS87F?tag=eloabder-20&linkCode=osi&th=1&psc=1">View Product</a></div><div class="product"><a href="https://www.amazon.com/dp/B0FH6PZ6RZ?tag=eloabder-20&linkCode=osi&th=1&psc=1"><img src="https://m.media-amazon.com/images/I/414hJ-w970L._SL500_.jpg" alt="Product Image"></a><p>Dog Nail Grinder with 2 LED Lights Powerful 2 Speeds Super Quiet Dog Nail Trimmers with 3 Grinding Wheels Rechargeable Pet Dog Nail Clippers for Large Medium Puppy Dogs Nail File Cat Nail Clipper Blue</p><p> -5% 0FF </p><p>$18.99</p><a href="https://www.amazon.com/dp/B0FH6PZ6RZ?tag=eloabder-20&linkCode=osi&th=1&psc=1">View Product</a></div><div class="product"><a href="https://www.amazon.com/dp/B0FD9MGDKV?tag=eloabder-20&linkCode=osi&th=1&psc=1"><img src="https://m.media-amazon.com/images/I/51XGj6QgMcL._SL500_.jpg" alt="Product Image"></a><p>Pet Hair Removal Glove for Cats & Dogs, Upgraded Five-Finger Electrostatic Pet Hair Gloves, Reusable Magic Brush Pet Hair Remover Tool for Laundry, Couch, Carpet, Car Seat</p><p> -19% 0FF </p><p>$16.17</p><a href="https://www.amazon.com/dp/B0FD9MGDKV?tag=eloabder-20&linkCode=osi&th=1&psc=1">View Product</a></div>
<div class="product"><a href="https://www.amazon.com/dp/B09K8YYVWV?tag=eloabder-20&linkCode=osi&th=1&psc=1"><img src="https://m.media-amazon.com/images/I/4123dxF1ijL._SL500_.jpg" alt="Product Image"></a><p>Blue Buffalo Life Protection Formula Natural Adult Dry Dog Food, Chicken and Brown Rice 5-lb Trial Size Bag</p><p> -17% 0FF </p><p>$14.98 ($3.00 / lb)</p><a href="https://www.amazon.com/dp/B09K8YYVWV?tag=eloabder-20&linkCode=osi&th=1&psc=1">View Product</a></div><div class="product"><a href="https://www.amazon.com/dp/B0000AH3QT?tag=eloabder-20&linkCode=osi&th=1&psc=1"><img src="https://m.media-amazon.com/images/I/41FXHOzdCWL._SL500_.jpg" alt="Product Image"></a><p>Purina ONE Chicken and Rice Formula Dry Dog Food - 8 lb. Bag</p><p> -9% 0FF </p><p>$16.28 ($2.04 / Pound)</p><a href="https://www.amazon.com/dp/B0000AH3QT?tag=eloabder-20&linkCode=osi&th=1&psc=1">View Product</a></div><div class="product"><a href="https://www.amazon.com/dp/B0000AH3QW?tag=eloabder-20&linkCode=osi&th=1&psc=1"><img src="https://m.media-amazon.com/images/I/41jXsOOPPtL._SL500_.jpg" alt="Product Image"></a><p>Purina ONE Dry Dog Food Lamb and Rice Formula - 8 lb. Bag</p><p> -9% 0FF </p><p>$16.28 ($2.04 / pound)</p><a href="https://www.amazon.com/dp/B0000AH3QW?tag=eloabder-20&linkCode=osi&th=1&psc=1">View Product</a></div><div class="product"><a href="https://www.amazon.com/dp/B09K9FDLFN?tag=eloabder-20&linkCode=osi&th=1&psc=1"><img src="https://m.media-amazon.com/images/I/41fn4P3zY0L._SL500_.jpg" alt="Product Image"></a><p>Blue Buffalo Life Protection Formula Natural Adult Small Breed Dry Dog Food, Chicken and Brown Rice 5-lb Trial Size Bag</p><p> -15% 0FF </p><p>$16.98 ($3.40 / lb)</p><a href="https://www.amazon.com/dp/B09K9FDLFN?tag=eloabder-20&linkCode=osi&th=1&psc=1">View Product</a></div><div class="product"><a href="https://www.amazon.com/dp/B008NHLZ2Y?tag=eloabder-20&linkCode=osi&th=1&psc=1"><img src="https://m.media-amazon.com/images/I/51OqxCyPKTL._SL500_.jpg" alt="Product Image"></a><p>Cesar Wet Dog Food Classic Loaf in Sauce Beef Recipe, Filet Mignon, Grilled Chicken and Porterhouse Steak Variety Pack, 3.5 oz. Easy Peel Trays (24 Count, Pack of 1)</p><p> -11% 0FF </p><p>$24.94 ($1.04 / Count)</p><a href="https://www.amazon.com/dp/B008NHLZ2Y?tag=eloabder-20&linkCode=osi&th=1&psc=1">View Product</a></div><div class="product"><a href="https://www.amazon.com/dp/B00DE7WKVS?tag=eloabder-20&linkCode=osi&th=1&psc=1"><img src="https://m.media-amazon.com/images/I/514-XqvXJJL._SL500_.jpg" alt="Product Image"></a><p>Purina ONE True Instinct With A Blend Of Real Turkey and Venison Dry Dog Food - 15 lb. Bag</p><p> -9% 0FF </p><p>$32.28 ($2.15 / Pound)</p><a href="https://www.amazon.com/dp/B00DE7WKVS?tag=eloabder-20&linkCode=osi&th=1&psc=1">View Product</a></div>
<div class="product"><a href="https://www.amazon.com/dp/B007JXVR76?tag=eloabder-20&linkCode=osi&th=1&psc=1"><img src="https://m.media-amazon.com/images/I/41XRcLETtGL._SL500_.jpg" alt="Product Image"></a><p>Meow Mix Original Choice Dry Cat Food, 6.3 Pound Bag</p><p> -6% 0FF </p><p>$9.29 ($1.47 / lb)</p><a href="https://www.amazon.com/dp/B007JXVR76?tag=eloabder-20&linkCode=osi&th=1&psc=1">View Product</a></div><div class="product"><a href="https://www.amazon.com/dp/B0D9MW74TG?tag=eloabder-20&linkCode=osi&th=1&psc=1"><img src="https://m.media-amazon.com/images/I/51CSHkalU1L._SL500_.jpg" alt="Product Image"></a><p>Meow Mix Gravy Bursts Dry Cat Food, Chicken, 3 LB Bag</p><p> -16% 0FF </p><p>$5.72 ($1.91 / lb)</p><a href="https://www.amazon.com/dp/B0D9MW74TG?tag=eloabder-20&linkCode=osi&th=1&psc=1">View Product</a></div><div class="product"><a href="https://www.amazon.com/dp/B01H3OA7KI?tag=eloabder-20&linkCode=osi&th=1&psc=1"><img src="https://m.media-amazon.com/images/I/51vds1pph5L._SL500_.jpg" alt="Product Image"></a><p>Purina Cat Chow Hairball, Healthy Weight, Indoor, Natural Dry Cat Food, Naturals Indoor - 13 lb. Bag</p><p> -6% 0FF </p><p>$16.99 ($1.31 / lb)</p><a href="https://www.amazon.com/dp/B01H3OA7KI?tag=eloabder-20&linkCode=osi&th=1&psc=1">View Product</a></div><div class="product"><a href="https://www.amazon.com/dp/B01BKYFR7K?tag=eloabder-20&linkCode=osi&th=1&psc=1"><img src="https://m.media-amazon.com/images/I/41GYcHtJdcL._SL500_.jpg" alt="Product Image"></a><p>IAMS Proactive Health Indoor Weight Control & Hairball Care Adult Dry Cat Food, Chicken & Turkey Recipe, 7 lb. Bag</p><p> -11% 0FF </p><p>$16.97 ($2.42 / lb)</p><a href="https://www.amazon.com/dp/B01BKYFR7K?tag=eloabder-20&linkCode=osi&th=1&psc=1">View Product</a></div>
<div class="product"><a href="https://www.amazon.com/dp/B003PMQMK2?tag=eloabder-20&linkCode=osi&th=1&psc=1"><img src="https://m.media-amazon.com/images/I/51rKBA3bcNL._SL500_.jpg" alt="Product Image"></a><p>Milk-Bone MaroSnacks Small Dog Treats With Bone Marrow, 40 Ounce Container</p><p> -21% 0FF </p><p>$11.48 ($4.59 / lb)</p><a href="https://www.amazon.com/dp/B003PMQMK2?tag=eloabder-20&linkCode=osi&th=1&psc=1">View Product</a></div><div class="product"><a href="https://www.amazon.com/dp/B07BVL8TQF?tag=eloabder-20&linkCode=osi&th=1&psc=1"><img src="https://m.media-amazon.com/images/I/41V12A43ClL._SL500_.jpg" alt="Product Image"></a><p>Good ‘n’ Fun Triple Flavor Kabobs Chews for All Dogs, 24 Ounces, Treat Your Dog to Chews Made from Beef Hide, Real Chicken, Pork Hide, Duck and Chicken Liver</p><p> -27% 0FF </p><p>$15.98 ($10.65 / lb)</p><a href="https://www.amazon.com/dp/B07BVL8TQF?tag=eloabder-20&linkCode=osi&th=1&psc=1">View Product</a></div><div class="product"><a href="https://www.amazon.com/dp/B006HKA6II?tag=eloabder-20&linkCode=osi&th=1&psc=1"><img src="https://m.media-amazon.com/images/I/41sdmNauoVL._SL500_.jpg" alt="Product Image"></a><p>Milk-Bone Soft & Chewy Dog Treats, Beef & Filet Mignon Recipe, 25 Ounce</p><p> -7% 0FF </p><p>$14.48 ($9.27 / lb)</p><a href="https://www.amazon.com/dp/B006HKA6II?tag=eloabder-20&linkCode=osi&th=1&psc=1">View Product</a></div><div class="product"><a href="https://www.amazon.com/dp/B006W6YHHI?tag=eloabder-20&linkCode=osi&th=1&psc=1"><img src="https://m.media-amazon.com/images/I/51VcU1tm-7L._SL500_.jpg" alt="Product Image"></a><p>Greenies Original Regular Dental Dog Treats, 36 oz. Pack (36 Treats)</p><p> -8% 0FF </p><p>$36.97 ($16.43 / lb)</p><a href="https://www.amazon.com/dp/B006W6YHHI?tag=eloabder-20&linkCode=osi&th=1&psc=1">View Product</a></div><div class="product"><a href="https://www.amazon.com/dp/B07D323MFZ?tag=eloabder-20&linkCode=osi&th=1&psc=1"><img src="https://m.media-amazon.com/images/I/41OTio6+siL._SL500_.jpg" alt="Product Image"></a><p>INABA Churu Cat Treats, Grain-Free, Lickable, Squeezable Creamy Purée Cat Treat/Topper with Vitamin E & Taurine, 0.5 Ounces Each Tube, 50 Tubes, Tuna & Chicken Variety</p><p> -18% 0FF </p><p>$32.96 ($1.32 / Ounce)</p><a href="https://www.amazon.com/dp/B07D323MFZ?tag=eloabder-20&linkCode=osi&th=1&psc=1">View Product</a></div><div class="product"><a href="https://www.amazon.com/dp/B09MZDFLSV?tag=eloabder-20&linkCode=osi&th=1&psc=1"><img src="https://m.media-amazon.com/images/I/51mXUxhYDiL._SL500_.jpg" alt="Product Image"></a><p>Full Moon All Natural Human Grade Dog Treats, Essential Beef Savory Sticks, 22 Ounce, 1.375 Pound (Pack of 1)</p><p> -10% 0FF </p><p>$17.94 ($13.05 / lb)</p><a href="https://www.amazon.com/dp/B09MZDFLSV?tag=eloabder-20&linkCode=osi&th=1&psc=1">View Product</a></div><div class="product"><a href="https://www.amazon.com/dp/B07BVLGZW6?tag=eloabder-20&linkCode=osi&th=1&psc=1"><img src="https://m.media-amazon.com/images/I/51g5KoU0RiL._SL500_.jpg" alt="Product Image"></a><p>Good ‘n’ Fun Triple Flavor Wings Chews for All Dogs, 12 Ounces, Treat Your Dog to Long-Lasting Chews Made with Chicken, Pork Hide and Beef Hide</p><p> -27% 0FF </p><p>$10.48 ($13.97 / lb)</p><a href="https://www.amazon.com/dp/B07BVLGZW6?tag=eloabder-20&linkCode=osi&th=1&psc=1">View Product</a></div>
<div class="product"><a href="https://www.amazon.com/dp/B01EX0H12M?tag=eloabder-20&linkCode=osi&th=1&psc=1"><img src="https://m.media-amazon.com/images/I/41tpUtk3FGL._SL500_.jpg" alt="Product Image"></a><p>Full Moon Chicken Jerky Healthy All Natural Dog Treats Human Grade Made in USA Grain Free, 1.5 Pound (Pack of 1)</p><p> -19% 0FF </p><p>$26.44 ($17.63 / lb)</p><a href="https://www.amazon.com/dp/B01EX0H12M?tag=eloabder-20&linkCode=osi&th=1&psc=1">View Product</a></div>
<div class="product"><a href="https://www.amazon.com/dp/B07BTRHM75?tag=eloabder-20&linkCode=osi&th=1&psc=1"><img src="https://m.media-amazon.com/images/I/51yN5sax9BL._SL500_.jpg" alt="Product Image"></a><p>Delectables Bisque Lickable Wet Cat Treats - Chicken, Tuna & Shrimp, 12 count</p><p> -9% 0FF </p><p>$12.94 ($0.77 / Ounce)</p><a href="https://www.amazon.com/dp/B07BTRHM75?tag=eloabder-20&linkCode=osi&th=1&psc=1">View Product</a></div><div class="product"><a href="https://www.amazon.com/dp/B00M0FK8UU?tag=eloabder-20&linkCode=osi&th=1&psc=1"><img src="https://m.media-amazon.com/images/I/517+RuVAECL._SL500_.jpg" alt="Product Image"></a><p>Temptations MixUps Surfer's Delight Flavor Crunchy and Soft Cat Treats, 16 oz. Tub</p><p> -8% 0FF </p><p>$7.80 ($0.49 / Ounce)</p><a href="https://www.amazon.com/dp/B00M0FK8UU?tag=eloabder-20&linkCode=osi&th=1&psc=1">View Product</a></div><div class="product"><a href="https://www.amazon.com/dp/B07KGXQ1WC?tag=eloabder-20&linkCode=osi&th=1&psc=1"><img src="https://m.media-amazon.com/images/I/51lx-r6UP1L._SL500_.jpg" alt="Product Image"></a><p>Temptations Classic Crunchy and Soft Cat Treats, Shrimpy Shrimp Flavor, 16 oz. Tub</p><p> -25% 0FF </p><p>$6.36 ($0.40 / Ounce)</p><a href="https://www.amazon.com/dp/B07KGXQ1WC?tag=eloabder-20&linkCode=osi&th=1&psc=1">View Product</a></div>
<div class="product"><a href="https://www.amazon.com/dp/B0BHN7K52L?tag=eloabder-20&linkCode=osi&th=1&psc=1"><img src="https://m.media-amazon.com/images/I/41VtkP72E7L._SL500_.jpg" alt="Product Image"></a><p>Dog Toys for Aggresive Chewers - Tough,Indestructible Dog Toys for Large, Medium,Small Breed to Keep Them Busy</p><p> -38% 0FF </p><p>$9.99</p><a href="https://www.amazon.com/dp/B0BHN7K52L?tag=eloabder-20&linkCode=osi&th=1&psc=1">View Product</a></div><div class="product"><a href="https://www.amazon.com/dp/B000F4AVPA?tag=eloabder-20&linkCode=osi&th=1&psc=1"><img src="https://m.media-amazon.com/images/I/31NKTw5DUeL._SL500_.jpg" alt="Product Image"></a><p>Chuckit! Ultra Ball Dog Toy - Medium Bouncy Fetch Balls For Dogs 20-60 lbs - Made from Durable Rubber - Floating Water Pet Toys - Size Medium - 2.5-inch Diameter - Pack of 2</p><p> -35% 0FF </p><p>$7.13</p><a href="https://www.amazon.com/dp/B000F4AVPA?tag=eloabder-20&linkCode=osi&th=1&psc=1">View Product</a></div><div class="product"><a href="https://www.amazon.com/dp/B0B1LVKG8D?tag=eloabder-20&linkCode=osi&th=1&psc=1"><img src="https://m.media-amazon.com/images/I/51bjl2slJTL._SL500_.jpg" alt="Product Image"></a><p>Fuufome Large Squeaky Dog Toys- Plush Dog Toys with Soft Fabric for Small, Medium, and Large Dogs Daily Companionship, Training Reward Gift</p><p> -41% 0FF </p><p>$9.49</p><a href="https://www.amazon.com/dp/B0B1LVKG8D?tag=eloabder-20&linkCode=osi&th=1&psc=1">View Product</a></div>

<div class="product"><a href="https://www.amazon.com/dp/B01AHM6P18?tag=eloabder-20&linkCode=osi&th=1&psc=1"><img src="https://m.media-amazon.com/images/I/51z5bUF-cpL._SL500_.jpg" alt="Product Image"></a><p>Fashion's Talk Cat Toys Variety Pack for Kitty 20 Pieces</p><p> -21% 0FF </p><p>$9.49</p><a href="https://www.amazon.com/dp/B01AHM6P18?tag=eloabder-20&linkCode=osi&th=1&psc=1">View Product</a></div><div class="product"><a href="https://www.amazon.com/dp/B0DG1X5KHM?tag=eloabder-20&linkCode=osi&th=1&psc=1"><img src="https://m.media-amazon.com/images/I/31YvLOoWZsL._SL500_.jpg" alt="Product Image"></a><p>Jkanti Interactive Cat Toys for Indoor Cats,The 3rd Generation Agile Moving Cat Ball with Elastic Mesh Tail,Automatic Kitten Toys for Bored Indoor Adult Cats,Motion Activated (Orange)</p><p> -10% 0FF </p><p>$17.99</p><a href="https://www.amazon.com/dp/B0DG1X5KHM?tag=eloabder-20&linkCode=osi&th=1&psc=1">View Product</a></div><div class="product"><a href="https://www.amazon.com/dp/B0D6W8B4FM?tag=eloabder-20&linkCode=osi&th=1&psc=1"><img src="https://m.media-amazon.com/images/I/31tkIoBZ3tL._SL500_.jpg" alt="Product Image"></a><p>TBTeek Cat Toys, USB Rechargeable Kitten Toy, 3 Light Modes & 5 Adjustable Patterns, Portable Interactive Pet Dog Cat Mouse Toy for Fun Chase Play Exercise</p><p> -13% 0FF </p><p>$6.97</p><a href="https://www.amazon.com/dp/B0D6W8B4FM?tag=eloabder-20&linkCode=osi&th=1&psc=1">View Product</a></div><div class="product"><a href="https://www.amazon.com/dp/B0CZ3YD1V6?tag=eloabder-20&linkCode=osi&th=1&psc=1"><img src="https://m.media-amazon.com/images/I/41nrT5-eUfL._SL500_.jpg" alt="Product Image"></a><p>Potaroma Cat Toys Chew Ropes 3Pcs with Refillable Natural Catnip, Safe Teeth Cleaning Toy for Indoor Kittens, Interactive Cat Nip Kitty Toys for All Breeds 19.5 Inches</p><p> -42% 0FF </p><p>$7.59</p><a href="https://www.amazon.com/dp/B0CZ3YD1V6?tag=eloabder-20&linkCode=osi&th=1&psc=1">View Product</a></div><div class="product"><a href="https://www.amazon.com/dp/B09WHBG4DV?tag=eloabder-20&linkCode=osi&th=1&psc=1"><img src="https://m.media-amazon.com/images/I/41eXntBWimL._SL500_.jpg" alt="Product Image"></a><p>Potaroma Cat Toys Pillows, 3 Pack, Soft and Durable Crinkle Sound with Catnip Inside, Interactive Indoor Kitten Kicker, Promotes Kitty Exercise</p><p> -38% 0FF </p><p>$9.98</p><a href="https://www.amazon.com/dp/B09WHBG4DV?tag=eloabder-20&linkCode=osi&th=1&psc=1">View Product</a></div>
<div class="product"><a href="https://www.amazon.com/dp/B08CXGYW1Q?tag=eloabder-20&linkCode=osi&th=1&psc=1"><img src="https://m.media-amazon.com/images/I/51TwJcM8A9L._SL500_.jpg" alt="Product Image"></a><p>Bedsure Calming Dog Bed Medium Size Dog - Donut Washable Medium Pet Bed, 30 inches Anti-Slip Round Fluffy Plush Faux Fur Cat Bed, Fits up to 45 lbs Pets, Camel</p><p> -7% 0FF </p><p>$39.99</p><a href="https://www.amazon.com/dp/B08CXGYW1Q?tag=eloabder-20&linkCode=osi&th=1&psc=1">View Product</a></div><div class="product"><a href="https://www.amazon.com/dp/B0DBYVR7LH?tag=eloabder-20&linkCode=osi&th=1&psc=1"><img src="https://m.media-amazon.com/images/I/51Mdi5roe1L._SL500_.jpg" alt="Product Image"></a><p>Hoewina Dog & Cat Bed for Indoor Cats, 20in Calming Donut Bed for Puppy and Kitten, Washable Round Fluffy Pet Bed for Small Medium Dogs and Cats (Light Grey)</p><p> -18% 0FF </p><p>$9.85</p><a href="https://www.amazon.com/dp/B0DBYVR7LH?tag=eloabder-20&linkCode=osi&th=1&psc=1">View Product</a></div><div class="product"><a href="https://www.amazon.com/dp/B0FBLRWFC1?tag=eloabder-20&linkCode=osi&th=1&psc=1"><img src="https://m.media-amazon.com/images/I/41qIhp9dq7L._SL500_.jpg" alt="Product Image"></a><p>Donut Dog Bed for Small Medium Dogs Cats, 18 inch Calming Washable-Round Cozy Soft Pet Bed for Puppy and Kitten with Slip-Resistant Bottom</p><p> -50% 0FF </p><p>$9.99</p><a href="https://www.amazon.com/dp/B0FBLRWFC1?tag=eloabder-20&linkCode=osi&th=1&psc=1">View Product</a></div><div class="product"><a href="https://www.amazon.com/dp/B000TZ73EW?tag=eloabder-20&linkCode=osi&th=1&psc=1"><img src="https://m.media-amazon.com/images/I/41PrtjgWzEL._SL500_.jpg" alt="Product Image"></a><p>MidWest Homes for Pets QuietTime XXS Dog Bed – Cinnamon Faux Fur Bolster, Ultra-Soft and Machine Washable, Fits 18-Inch Crates and Carriers, for Small Dogs and Cats</p><p> -13% 0FF </p><p>$11.33</p><a href="https://www.amazon.com/dp/B000TZ73EW?tag=eloabder-20&linkCode=osi&th=1&psc=1">View Product</a></div>

<div class="product"><a href="https://www.amazon.com/dp/B07MFYSKCL?tag=eloabder-20&linkCode=osi&th=1&psc=1"><img src="https://m.media-amazon.com/images/I/41WrfqDuWpL._SL500_.jpg" alt="Product Image"></a><p>Love's cabin Round Donut Cat and Dog Cushion Bed, 20in Bed for Cats or Small Dogs, Anti-Slip & Water-Resistant Bottom, Super Soft Durable Fabric Pet Beds, Washable Luxury Cat & Dog Bed Gray</p><p> -20% 0FF </p><p>$15.99</p><a href="https://www.amazon.com/dp/B07MFYSKCL?tag=eloabder-20&linkCode=osi&th=1&psc=1">View Product</a></div><div class="product"><a href="https://www.amazon.com/dp/B08CY5VR5W?tag=eloabder-20&linkCode=osi&th=1&psc=1"><img src="https://m.media-amazon.com/images/I/51Hp7ZTQiFL._SL500_.jpg" alt="Product Image"></a><p>Bedsure Cat Beds for Indoor Cats - Large Cat Cave for Pet Cat House with Fluffy Ball Hanging and Scratch Pad, Foldable Cat Hideaway, 16.5x16.5x13 inches, Grey</p><p> -20% 0FF </p><p>$23.99</p><a href="https://www.amazon.com/dp/B08CY5VR5W?tag=eloabder-20&linkCode=osi&th=1&psc=1">View Product</a></div><div class="product"><a href="https://www.amazon.com/dp/B06XF6VH2N?tag=eloabder-20&linkCode=osi&th=1&psc=1"><img src="https://m.media-amazon.com/images/I/41+7YS2mbWL._SL500_.jpg" alt="Product Image"></a><p>Furhaven ThermaNAP Self-Warming Cat Bed for Indoor Cats & Small Dogs, Washable & Reflects Body Heat - Quilted Faux Fur Reflective Bed Mat - Gray, Small</p><p> -8% 0FF </p><p>$11.99</p><a href="https://www.amazon.com/dp/B06XF6VH2N?tag=eloabder-20&linkCode=osi&th=1&psc=1">View Product</a></div><div class="product"><a href="https://www.amazon.com/dp/B0DDKRS437?tag=eloabder-20&linkCode=osi&th=1&psc=1"><img src="https://m.media-amazon.com/images/I/31eWtW2c9JL._SL500_.jpg" alt="Product Image"></a><p>BALANCE Cat Bed Kitten Bed, Washable Round Cat Beds for Indoor Cats, Super Soft Plush Faux Fur Pet Bed for Puppy and Kitten with Anti-Slip Bottom</p><p> -21% 0FF </p><p>$28.49</p><a href="https://www.amazon.com/dp/B0DDKRS437?tag=eloabder-20&linkCode=osi&th=1&psc=1">View Product</a></div>
<div class="product"><a href="https://www.amazon.com/dp/B0BFG9Z2P9?tag=eloabder-20&linkCode=osi&th=1&psc=1"><img src="https://m.media-amazon.com/images/I/418f7l64RZL._SL500_.jpg" alt="Product Image"></a><p>Tomkas Small Dog Sling Carrier - Classic Pocket & Classic Strap - for 3-10 lbs Pets(Black)</p><p> -5% 0FF </p><p>$13.29</p><a href="https://www.amazon.com/dp/B0BFG9Z2P9?tag=eloabder-20&linkCode=osi&th=1&psc=1">View Product</a></div>
<div class="product"><a href="https://www.amazon.com/dp/B0CTF8S82M?tag=eloabder-20&linkCode=osi&th=1&psc=1"><img src="https://m.media-amazon.com/images/I/31iR7d1zNSL._SL500_.jpg" alt="Product Image"></a><p>Dog Carrier Sling - Reversible Puppy Carrier Purse with Storage Pocket, Hand-Free Dog Sling Carrier for Carry Small Dogs and Cats, Travel Safety Harness, Dog and Cat Harness(Black)</p><p> -17% 0FF </p><p>$9.99</p><a href="https://www.amazon.com/dp/B0CTF8S82M?tag=eloabder-20&linkCode=osi&th=1&psc=1">View Product</a></div><div class="product"><a href="https://www.amazon.com/dp/B09MJ131L5?tag=eloabder-20&linkCode=osi&th=1&psc=1"><img src="https://m.media-amazon.com/images/I/51vCG0gYKFL._SL500_.jpg" alt="Product Image"></a><p>GAPZER Pet Carrier for Large Cats, Soft-Sided Cat Carrier for Medium Big Cats and Puppy up to 20lbs, Washable Dog Carrier Privacy Protection for Home Outdoor Travel</p><p> -25% 0FF </p><p>$29.99</p><a href="https://www.amazon.com/dp/B09MJ131L5?tag=eloabder-20&linkCode=osi&th=1&psc=1">View Product</a></div><div class="product"><a href="https://www.amazon.com/dp/B0CGB1SRGH?tag=eloabder-20&linkCode=osi&th=1&psc=1"><img src="https://m.media-amazon.com/images/I/51x07O9JhRL._SL500_.jpg" alt="Product Image"></a><p>Soft Sided Cat/Dog Carrier,Collapsible Pets Travel Carriers for Pet/Puppy with Shoulder Strap & Removable Mat,Mesh Top Load Small Dogs/Cats Carry Bag Up to 17 Lbs TSA Airline Approved（Black,M）</p><p> -15% 0FF </p><p>$17.77 ($17.77 / Count)</p><a href="https://www.amazon.com/dp/B0CGB1SRGH?tag=eloabder-20&linkCode=osi&th=1&psc=1">View Product</a></div>

<div class="product"><a href="https://www.amazon.com/dp/B0BHYZV3HY?tag=eloabder-20&linkCode=osi&th=1&psc=1"><img src="https://m.media-amazon.com/images/I/51GsL7XYrvL._SL500_.jpg" alt="Product Image"></a><p>oneisall Dog Grooming Vacuum, Pet Grooming Vacuum with Clipper Nail Grinder, 1.5L Dust Cup Dog deshedding Vacuum Brush with 7 Pet Grooming Tools for Shedding Pet Hair, Home Cleaning(Blue)</p><p> -9% 0FF </p><p>$99.99</p><a href="https://www.amazon.com/dp/B0BHYZV3HY?tag=eloabder-20&linkCode=osi&th=1&psc=1">View Product</a></div><div class="product"><a href="https://www.amazon.com/dp/B01330IKAA?tag=eloabder-20&linkCode=osi&th=1&psc=1"><img src="https://m.media-amazon.com/images/I/31tp596fu2L._SL500_.jpg" alt="Product Image"></a><p>BioSilk for Dogs Silk Therapy Detangling Plus Shine Mist for Dogs | Best Detangling Spray for All Dogs & Puppies for Shiny Coats and Dematting | 8 Oz Bottle (Packaging May Vary)</p><p> -11% 0FF </p><p>$8.92</p><a href="https://www.amazon.com/dp/B01330IKAA?tag=eloabder-20&linkCode=osi&th=1&psc=1">View Product</a></div><div class="product"><a href="https://www.amazon.com/dp/B00VC8DQX2?tag=eloabder-20&linkCode=osi&th=1&psc=1"><img src="https://m.media-amazon.com/images/I/41o8MrUqR1L._SL500_.jpg" alt="Product Image"></a><p>SleekEZ Dog Brush for Shedding & Dog Grooming Supplies | Pet Hair Removal Tool | Great For All Fur Types | For Short, Medium, & Long Hair Pets | Reduces Shedding by 95% | Made in USA | 1 pack | 5 inch</p><p> -15% 0FF </p><p>$19.97</p><a href="https://www.amazon.com/dp/B00VC8DQX2?tag=eloabder-20&linkCode=osi&th=1&psc=1">View Product</a></div><div class="product"><a href="https://www.amazon.com/dp/B0002H3RBU?tag=eloabder-20&linkCode=osi&th=1&psc=1"><img src="https://m.media-amazon.com/images/I/41G42uu7qBL._SL500_.jpg" alt="Product Image"></a><p>Miracle Care Kwik Stop Styptic Powder For Dogs, Cats and Birds, 0.5 Ounce, Fast Acting Blood Stop Powder with Pain Relieving Benzocaine</p><p> -5% 0FF </p><p>$9.99</p><a href="https://www.amazon.com/dp/B0002H3RBU?tag=eloabder-20&linkCode=osi&th=1&psc=1">View Product</a></div><div class="product"><a href="https://www.amazon.com/dp/B0CNZB3L28?tag=eloabder-20&linkCode=osi&th=1&psc=1"><img src="https://m.media-amazon.com/images/I/41XWOVhEWmL._SL500_.jpg" alt="Product Image"></a><p>MEDUWEDU Ear Cleaner Finger Wipes 60 Counts, Dog Ear Cleaner, Grooming Kit Care for Dogs and Cats, Soft & Easy Otic Cleaning Pads, Remove Wax, Dirt & Stop Smelly, Itchy, Non-Irritating, Coconut Scent</p><p> -13% 0FF </p><p>$6.97</p><a href="https://www.amazon.com/dp/B0CNZB3L28?tag=eloabder-20&linkCode=osi&th=1&psc=1">View Product</a></div><div class="product"><a href="https://www.amazon.com/dp/B01HRSZRXM?tag=eloabder-20&linkCode=osi&th=1&psc=1"><img src="https://m.media-amazon.com/images/I/51jzCKDndHL._SL500_.jpg" alt="Product Image"></a><p>oneisall Dog Clipper Low Noise, Dog Grooming Kit with Rechargeable, Pet Shaver Cordless Electric Quiet Hair Clipper Set for Dogs Cats Pets（Gold）</p><p> -25% 0FF </p><p>$29.99</p><a href="https://www.amazon.com/dp/B01HRSZRXM?tag=eloabder-20&linkCode=osi&th=1&psc=1">View Product</a></div>
<div class="product"><a href="https://www.amazon.com/dp/B07CXQQ4Q5?tag=eloabder-20&linkCode=osi&th=1&psc=1"><img src="https://m.media-amazon.com/images/I/41fZKGIVQRL._SL500_.jpg" alt="Product Image"></a><p>PetArmor 7 Way De-Wormer for Dogs, Oral Treatment for Tapeworm, Roundworm & Hookworm in Large Dogs & Puppies (Over 25 lbs), Worm Remover (Praziquantel & Pyrantel Pamoate), 2 Flavored Chewables</p><p> -10% 0FF </p><p>$18.00 ($9.00 / Count)</p><a href="https://www.amazon.com/dp/B07CXQQ4Q5?tag=eloabder-20&linkCode=osi&th=1&psc=1">View Product</a></div><div class="product"><a href="https://www.amazon.com/dp/B000O5DHT2?tag=eloabder-20&linkCode=osi&th=1&psc=1"><img src="https://m.media-amazon.com/images/I/41Am2odDJjL._SL500_.jpg" alt="Product Image"></a><p>Merial Zimecterin Gold Dewormer Paste for Horses, 7.35gm (Packaging May Vary)</p><p> -20% 0FF </p><p>$16.69</p><a href="https://www.amazon.com/dp/B000O5DHT2?tag=eloabder-20&linkCode=osi&th=1&psc=1">View Product</a></div><div class="product"><a href="https://www.amazon.com/dp/B078YCWFKK?tag=eloabder-20&linkCode=osi&th=1&psc=1"><img src="https://m.media-amazon.com/images/I/41+lFxJHMCL._SL500_.jpg" alt="Product Image"></a><p>Durvet 2251171 Wormer-Double Strength Liquid Dog</p><p> -8% 0FF </p><p>$27.78</p><a href="https://www.amazon.com/dp/B078YCWFKK?tag=eloabder-20&linkCode=osi&th=1&psc=1">View Product</a></div>
<div class="product"><a href="https://www.amazon.com/dp/B0BR5VST5N?tag=eloabder-20&linkCode=osi&th=1&psc=1"><img src="https://m.media-amazon.com/images/I/31smh+Fyk0L._SL500_.jpg" alt="Product Image"></a><p>IMIPAW Automatic Cat Feeders, 3L Timed Cat Dry Food Dispenser, Dual Power Supply, Programmable Portion Size, Auto Pet Feeder for Cats and Small Dogs</p><p> -28% 0FF </p><p>$25.99</p><a href="https://www.amazon.com/dp/B0BR5VST5N?tag=eloabder-20&linkCode=osi&th=1&psc=1">View Product</a></div><div class="product"><a href="https://www.amazon.com/dp/B0DF7H6SGZ?tag=eloabder-20&linkCode=osi&th=1&psc=1"><img src="https://m.media-amazon.com/images/I/41kiwgcXNWL._SL500_.jpg" alt="Product Image"></a><p>Automatic Cat Feeder, 4L Cat Food Dispenser with 10s Voice Recorder, Pet Feeder up to 8 Meals per Day, Timed Dog Feeder with Dry Food Sealed Ring (White, 4L-Basic)</p><p> -18% 0FF </p><p>$22.09</p><a href="https://www.amazon.com/dp/B0DF7H6SGZ?tag=eloabder-20&linkCode=osi&th=1&psc=1">View Product</a></div><div class="product"><a href="https://www.amazon.com/dp/B0DQLJJ5XT?tag=eloabder-20&linkCode=osi&th=1&psc=1"><img src="https://m.media-amazon.com/images/I/31AWcXWoThL._SL500_.jpg" alt="Product Image"></a><p>Dual Automatic Cat Feeder 2 Cats,6 Meals/Day,12 Portions/Meal,4.2L Dual Power Double Bowls Feeder,Dry Food Auto Pet Dispenser,10S Voice Record,Flexible Schedule Timer (Black,Stainless Dual Bowls)</p><p> -39% 0FF </p><p>$29.99</p><a href="https://www.amazon.com/dp/B0DQLJJ5XT?tag=eloabder-20&linkCode=osi&th=1&psc=1">View Product</a></div><div class="product"><a href="https://www.amazon.com/dp/B0DMFGFQ39?tag=eloabder-20&linkCode=osi&th=1&psc=1"><img src="https://m.media-amazon.com/images/I/31uwj+gO+sL._SL500_.jpg" alt="Product Image"></a><p>ZOMISIA Gravity Cat Feeder and Water Dispenser, 2 in 1 Cat Self Feeder with 180 Degree Rotatable, 2 Pack Automatic Feeding Large Capacity for Small Medium Dog Puppy Kitten, Black, 0.8 Gallon x 2</p><p> -21% 0FF </p><p>$28.49</p><a href="https://www.amazon.com/dp/B0DMFGFQ39?tag=eloabder-20&linkCode=osi&th=1&psc=1">View Product</a></div><div class="product"><a href="https://www.amazon.com/dp/B09S8WMJY9?tag=eloabder-20&linkCode=osi&th=1&psc=1"><img src="https://m.media-amazon.com/images/I/41BhIBNEoGL._SL500_.jpg" alt="Product Image"></a><p>PETLIBRO Automatic Cat Feeder, 5G WiFi Automatic Dog Food Dispenser with Freshness Preservation, 5L Timed Pet Feeder with Low Food Sensor, Up to 10 Meals Per Day, Granary Black</p><p> -30% 0FF </p><p>$69.99</p><a href="https://www.amazon.com/dp/B09S8WMJY9?tag=eloabder-20&linkCode=osi&th=1&psc=1">View Product</a></div><div class="product"><a href="https://www.amazon.com/dp/B0F1MQQ2S3?tag=eloabder-20&linkCode=osi&th=1&psc=1"><img src="https://m.media-amazon.com/images/I/41jCkjw2PhL._SL500_.jpg" alt="Product Image"></a><p>HoneyGuaridan Automatic Cat Feeder for Two Cats, Food Dispenser with Stainless Steel Bowl,Timed Cat Feeder Programmable 1-6 Meals Control, Dual Power Supply,10s Meal Call Black</p><p> -15% 0FF </p><p>$46.99</p><a href="https://www.amazon.com/dp/B0F1MQQ2S3?tag=eloabder-20&linkCode=osi&th=1&psc=1">View Product</a></div>
<div class="product"><a href="https://www.amazon.com/dp/B0C4TF7Z92?tag=eloabder-20&linkCode=osi&th=1&psc=1"><img src="https://m.media-amazon.com/images/I/51I2UG6QOyL._SL500_.jpg" alt="Product Image"></a><p>NEEZUKAR Dog Car Seat for Small Medium Dogs,Detachable Washable Dog Booster Seat Under 30lbs, Pet Car Seat Travel Bed with Storage Pockets and Dog Safety Belt (Black)</p><p> -10% 0FF </p><p>$44.99 ($44.99 / Count)</p><a href="https://www.amazon.com/dp/B0C4TF7Z92?tag=eloabder-20&linkCode=osi&th=1&psc=1">View Product</a></div><div class="product"><a href="https://www.amazon.com/dp/B0CB2S7PVV?tag=eloabder-20&linkCode=osi&th=1&psc=1"><img src="https://m.media-amazon.com/images/I/51+FMM25wiL._SL500_.jpg" alt="Product Image"></a><p>Dog Car Seat - Memory Foam Dog Booster Seat for Small Dogs Up to 25lbs-Elevated Pet Car Seat with Storage Pockets and Dog Seat Belt-Soft Pet Travel Bed for Front & Back Seats-Removable Washable-Grey</p><p> -28% 0FF </p><p>$35.97 ($0.45 / Count)</p><a href="https://www.amazon.com/dp/B0CB2S7PVV?tag=eloabder-20&linkCode=osi&th=1&psc=1">View Product</a></div><div class="product"><a href="https://www.amazon.com/dp/B0B8VF4MW1?tag=eloabder-20&linkCode=osi&th=1&psc=1"><img src="https://m.media-amazon.com/images/I/51sbdmnFJwL._SL500_.jpg" alt="Product Image"></a><p>PETSFIT Dog Car Seats for Small Dogs, Patent Safe Buckles Dog Booster Car Seat, Cat Cars Seat with Safety Belt, Suitable for Small Pets Up to 25lbs (Grey)</p><p> -9% 0FF </p><p>$35.97</p><a href="https://www.amazon.com/dp/B0B8VF4MW1?tag=eloabder-20&linkCode=osi&th=1&psc=1">View Product</a></div><div class="product"><a href="https://www.amazon.com/dp/B0C811NJ98?tag=eloabder-20&linkCode=osi&th=1&psc=1"><img src="https://m.media-amazon.com/images/I/51MjeG4jB6L._SL500_.jpg" alt="Product Image"></a><p>SlowTon Console Dog Car Seat - Portable Dogs Armrest Booster Seat for Small Dog, Anti-Collapse Pet Car Seat with Soft Cushion Safety Belt, Support Pet Up to 11lbs (Black)</p><p> -5% 0FF </p><p>$37.89 ($37.89 / Count)</p><a href="https://www.amazon.com/dp/B0C811NJ98?tag=eloabder-20&linkCode=osi&th=1&psc=1">View Product</a></div><div class="product"><a href="https://www.amazon.com/dp/B0D2D2T38B?tag=eloabder-20&linkCode=osi&th=1&psc=1"><img src="https://m.media-amazon.com/images/I/41rFustc3hL._SL500_.jpg" alt="Product Image"></a><p>HEGGCOOE Small Dog Car Seat, Memory Foam Dog Booster Car Seats with Thick Cushion for Medium Dogs Under 35lbs, Detachable Washable Dog Bed for Car, Pet Carseat with Storage Pockets,2 Safety Belts</p><p> -15% 0FF </p><p>$58.63</p><a href="https://www.amazon.com/dp/B0D2D2T38B?tag=eloabder-20&linkCode=osi&th=1&psc=1">View Product</a></div>
<div class="product"><a href="https://www.amazon.com/dp/B0D6Z4L6BW?tag=eloabder-20&linkCode=osi&th=1&psc=1"><img src="https://m.media-amazon.com/images/I/515L+bqRRKL._SL500_.jpg" alt="Product Image"></a><p>Tractive Smart Dog GPS Tracker | Live Pet Tracker with Virtual Fence | Vital Signs Monitoring of Heart & Respiratory Rate | Bark Monitoring | Dog Collar Attachment (Black)</p><p> -40% 0FF </p><p>$41.40</p><a href="https://www.amazon.com/dp/B0D6Z4L6BW?tag=eloabder-20&linkCode=osi&th=1&psc=1">View Product</a></div><div class="product"><a href="https://www.amazon.com/dp/B0C75D8QZ9?tag=eloabder-20&linkCode=osi&th=1&psc=1"><img src="https://m.media-amazon.com/images/I/51RJI30GT5L._SL500_.jpg" alt="Product Image"></a><p>Tractive Smart Cat GPS Tracker | Real-Time Location & Wellness Monitoring for Cats 6.5 lbs+ | Territory & Location History | Up to 5-Day Battery | Breakaway Collar Included (Dark Blue)</p><p> -14% 0FF </p><p>$29.40</p><a href="https://www.amazon.com/dp/B0C75D8QZ9?tag=eloabder-20&linkCode=osi&th=1&psc=1">View Product</a></div><div class="product"><a href="https://www.amazon.com/dp/B0C2C5LP16?tag=eloabder-20&linkCode=osi&th=1&psc=1"><img src="https://m.media-amazon.com/images/I/41nG8vcAwrL._SL500_.jpg" alt="Product Image"></a><p>Tractive XL Smart Dog GPS Tracker | Live Pet Tracker with Virtual Fence | Vital Signs Monitoring of Heart & Respiratory Rate | Up to 1-Month Battery Life | Dog Collar Attachment (Green)</p><p> -41% 0FF </p><p>$41.40</p><a href="https://www.amazon.com/dp/B0C2C5LP16?tag=eloabder-20&linkCode=osi&th=1&psc=1">View Product</a></div>
<div class="product"><a href="https://www.amazon.com/dp/B0BJZMBBQM?tag=eloabder-20&linkCode=osi&th=1&psc=1"><img src="https://m.media-amazon.com/images/I/41XUAqCwkyL._SL500_.jpg" alt="Product Image"></a><p>Potaroma Cat Toys Flapping Bird (No Flying), Lifelike Sandpiper Chirp Tweet, Rechargeable Touch Activated Kitten Toy Interactive Cat Exercise Toys for All Breeds Cat Kicker Catnip Toys 4.0"</p><p> -10% 0FF </p><p>$17.98</p><a href="https://www.amazon.com/dp/B0BJZMBBQM?tag=eloabder-20&linkCode=osi&th=1&psc=1">View Product</a></div><div class="product"><a href="https://www.amazon.com/dp/B0D4V9V39Y?tag=eloabder-20&linkCode=osi&th=1&psc=1"><img src="https://m.media-amazon.com/images/I/41g+ya1722L._SL500_.jpg" alt="Product Image"></a><p>BoYoYo Interactive Dog Puzzle Toys for Boredom, Dogs Enrichment Toy to Keep Them Busy, Treat Dispensing Slow Feeder</p><p> -19% 0FF </p><p>$12.99</p><a href="https://www.amazon.com/dp/B0D4V9V39Y?tag=eloabder-20&linkCode=osi&th=1&psc=1">View Product</a></div>
<div class="product"><a href="https://www.amazon.com/dp/B0CVR38NWQ?tag=eloabder-20&linkCode=osi&th=1&psc=1"><img src="https://m.media-amazon.com/images/I/41Vuz0-BN3L._SL500_.jpg" alt="Product Image"></a><p>IRIS USA Dog Food Storage Container, 10 Pound, Airtight Seal and Buckle, Easy 1 Hand Opening Hinged Lid, Versatile, Space Saving Compact Size, Pearl/Black</p><p> -25% 0FF </p><p>$14.99</p><a href="https://www.amazon.com/dp/B0CVR38NWQ?tag=eloabder-20&linkCode=osi&th=1&psc=1">View Product</a></div>

<div class="product"><a href="https://www.amazon.com/dp/B0FJ2NPL47?tag=eloabder-20&linkCode=osi&th=1&psc=1"><img src="https://m.media-amazon.com/images/I/51TDSHRvQDL._SL500_.jpg" alt="Product Image"></a><p>Pet Hair Removal Glove for Dogs & Cats, Newly Upgraded Reusable Electrostatic Pet Hair Gloves, Pet Hair Remover Tool for Clothing, Couch, Carpet, Car Seat</p><p> -15% 0FF </p><p>$16.99</p><a href="https://www.amazon.com/dp/B0FJ2NPL47?tag=eloabder-20&linkCode=osi&th=1&psc=1">View Product</a></div><div class="product"><a href="https://www.amazon.com/dp/B0DMWBS87F?tag=eloabder-20&linkCode=osi&th=1&psc=1"><img src="https://m.media-amazon.com/images/I/51Q8Cx4sNWL._SL500_.jpg" alt="Product Image"></a><p>Paw Science Dog Eye Wipes - Hypoallergenic Eye & Face Wipes for Dogs, Cats, & Puppy - Pet Tear Stain Remover & Cleaner - Gently Cleans & Removes Discharge, Crust, & Gunk (Coconut)</p><p> -36% 0FF </p><p>$8.99 ($0.09 / Count)</p><a href="https://www.amazon.com/dp/B0DMWBS87F?tag=eloabder-20&linkCode=osi&th=1&psc=1">View Product</a></div><div class="product"><a href="https://www.amazon.com/dp/B0FH6PZ6RZ?tag=eloabder-20&linkCode=osi&th=1&psc=1"><img src="https://m.media-amazon.com/images/I/414hJ-w970L._SL500_.jpg" alt="Product Image"></a><p>Dog Nail Grinder with 2 LED Lights Powerful 2 Speeds Super Quiet Dog Nail Trimmers with 3 Grinding Wheels Rechargeable Pet Dog Nail Clippers for Large Medium Puppy Dogs Nail File Cat Nail Clipper Blue</p><p> -5% 0FF </p><p>$18.99</p><a href="https://www.amazon.com/dp/B0FH6PZ6RZ?tag=eloabder-20&linkCode=osi&th=1&psc=1">View Product</a></div><div class="product"><a href="https://www.amazon.com/dp/B0FD9MGDKV?tag=eloabder-20&linkCode=osi&th=1&psc=1"><img src="https://m.media-amazon.com/images/I/51XGj6QgMcL._SL500_.jpg" alt="Product Image"></a><p>Pet Hair Removal Glove for Cats & Dogs, Upgraded Five-Finger Electrostatic Pet Hair Gloves, Reusable Magic Brush Pet Hair Remover Tool for Laundry, Couch, Carpet, Car Seat</p><p> -19% 0FF </p><p>$16.17</p><a href="https://www.amazon.com/dp/B0FD9MGDKV?tag=eloabder-20&linkCode=osi&th=1&psc=1">View Product</a></div>
<div class="product"><a href="https://www.amazon.com/dp/B09K8YYVWV?tag=eloabder-20&linkCode=osi&th=1&psc=1"><img src="https://m.media-amazon.com/images/I/4123dxF1ijL._SL500_.jpg" alt="Product Image"></a><p>Blue Buffalo Life Protection Formula Natural Adult Dry Dog Food, Chicken and Brown Rice 5-lb Trial Size Bag</p><p> -17% 0FF </p><p>$14.98 ($3.00 / lb)</p><a href="https://www.amazon.com/dp/B09K8YYVWV?tag=eloabder-20&linkCode=osi&th=1&psc=1">View Product</a></div><div class="product"><a href="https://www.amazon.com/dp/B0000AH3QT?tag=eloabder-20&linkCode=osi&th=1&psc=1"><img src="https://m.media-amazon.com/images/I/41FXHOzdCWL._SL500_.jpg" alt="Product Image"></a><p>Purina ONE Chicken and Rice Formula Dry Dog Food - 8 lb. Bag</p><p> -9% 0FF </p><p>$16.28 ($2.04 / Pound)</p><a href="https://www.amazon.com/dp/B0000AH3QT?tag=eloabder-20&linkCode=osi&th=1&psc=1">View Product</a></div><div class="product"><a href="https://www.amazon.com/dp/B0000AH3QW?tag=eloabder-20&linkCode=osi&th=1&psc=1"><img src="https://m.media-amazon.com/images/I/41jXsOOPPtL._SL500_.jpg" alt="Product Image"></a><p>Purina ONE Dry Dog Food Lamb and Rice Formula - 8 lb. Bag</p><p> -9% 0FF </p><p>$16.28 ($2.04 / pound)</p><a href="https://www.amazon.com/dp/B0000AH3QW?tag=eloabder-20&linkCode=osi&th=1&psc=1">View Product</a></div><div class="product"><a href="https://www.amazon.com/dp/B09K9FDLFN?tag=eloabder-20&linkCode=osi&th=1&psc=1"><img src="https://m.media-amazon.com/images/I/41fn4P3zY0L._SL500_.jpg" alt="Product Image"></a><p>Blue Buffalo Life Protection Formula Natural Adult Small Breed Dry Dog Food, Chicken and Brown Rice 5-lb Trial Size Bag</p><p> -15% 0FF </p><p>$16.98 ($3.40 / lb)</p><a href="https://www.amazon.com/dp/B09K9FDLFN?tag=eloabder-20&linkCode=osi&th=1&psc=1">View Product</a></div><div class="product"><a href="https://www.amazon.com/dp/B008NHLZ2Y?tag=eloabder-20&linkCode=osi&th=1&psc=1"><img src="https://m.media-amazon.com/images/I/51OqxCyPKTL._SL500_.jpg" alt="Product Image"></a><p>Cesar Wet Dog Food Classic Loaf in Sauce Beef Recipe, Filet Mignon, Grilled Chicken and Porterhouse Steak Variety Pack, 3.5 oz. Easy Peel Trays (24 Count, Pack of 1)</p><p> -11% 0FF </p><p>$24.94 ($1.04 / Count)</p><a href="https://www.amazon.com/dp/B008NHLZ2Y?tag=eloabder-20&linkCode=osi&th=1&psc=1">View Product</a></div><div class="product"><a href="https://www.amazon.com/dp/B00DE7WKVS?tag=eloabder-20&linkCode=osi&th=1&psc=1"><img src="https://m.media-amazon.com/images/I/514-XqvXJJL._SL500_.jpg" alt="Product Image"></a><p>Purina ONE True Instinct With A Blend Of Real Turkey and Venison Dry Dog Food - 15 lb. Bag</p><p> -9% 0FF </p><p>$32.28 ($2.15 / Pound)</p><a href="https://www.amazon.com/dp/B00DE7WKVS?tag=eloabder-20&linkCode=osi&th=1&psc=1">View Product</a></div>
<div class="product"><a href="https://www.amazon.com/dp/B007JXVR76?tag=eloabder-20&linkCode=osi&th=1&psc=1"><img src="https://m.media-amazon.com/images/I/41XRcLETtGL._SL500_.jpg" alt="Product Image"></a><p>Meow Mix Original Choice Dry Cat Food, 6.3 Pound Bag</p><p> -6% 0FF </p><p>$9.29 ($1.47 / lb)</p><a href="https://www.amazon.com/dp/B007JXVR76?tag=eloabder-20&linkCode=osi&th=1&psc=1">View Product</a></div><div class="product"><a href="https://www.amazon.com/dp/B0D9MW74TG?tag=eloabder-20&linkCode=osi&th=1&psc=1"><img src="https://m.media-amazon.com/images/I/51CSHkalU1L._SL500_.jpg" alt="Product Image"></a><p>Meow Mix Gravy Bursts Dry Cat Food, Chicken, 3 LB Bag</p><p> -16% 0FF </p><p>$5.72 ($1.91 / lb)</p><a href="https://www.amazon.com/dp/B0D9MW74TG?tag=eloabder-20&linkCode=osi&th=1&psc=1">View Product</a></div><div class="product"><a href="https://www.amazon.com/dp/B01H3OA7KI?tag=eloabder-20&linkCode=osi&th=1&psc=1"><img src="https://m.media-amazon.com/images/I/51vds1pph5L._SL500_.jpg" alt="Product Image"></a><p>Purina Cat Chow Hairball, Healthy Weight, Indoor, Natural Dry Cat Food, Naturals Indoor - 13 lb. Bag</p><p> -6% 0FF </p><p>$16.99 ($1.31 / lb)</p><a href="https://www.amazon.com/dp/B01H3OA7KI?tag=eloabder-20&linkCode=osi&th=1&psc=1">View Product</a></div><div class="product"><a href="https://www.amazon.com/dp/B01BKYFR7K?tag=eloabder-20&linkCode=osi&th=1&psc=1"><img src="https://m.media-amazon.com/images/I/41GYcHtJdcL._SL500_.jpg" alt="Product Image"></a><p>IAMS Proactive Health Indoor Weight Control & Hairball Care Adult Dry Cat Food, Chicken & Turkey Recipe, 7 lb. Bag</p><p> -11% 0FF </p><p>$16.97 ($2.42 / lb)</p><a href="https://www.amazon.com/dp/B01BKYFR7K?tag=eloabder-20&linkCode=osi&th=1&psc=1">View Product</a></div>
<div class="product"><a href="https://www.amazon.com/dp/B003PMQMK2?tag=eloabder-20&linkCode=osi&th=1&psc=1"><img src="https://m.media-amazon.com/images/I/51rKBA3bcNL._SL500_.jpg" alt="Product Image"></a><p>Milk-Bone MaroSnacks Small Dog Treats With Bone Marrow, 40 Ounce Container</p><p> -21% 0FF </p><p>$11.48 ($4.59 / lb)</p><a href="https://www.amazon.com/dp/B003PMQMK2?tag=eloabder-20&linkCode=osi&th=1&psc=1">View Product</a></div><div class="product"><a href="https://www.amazon.com/dp/B07BVL8TQF?tag=eloabder-20&linkCode=osi&th=1&psc=1"><img src="https://m.media-amazon.com/images/I/41V12A43ClL._SL500_.jpg" alt="Product Image"></a><p>Good ‘n’ Fun Triple Flavor Kabobs Chews for All Dogs, 24 Ounces, Treat Your Dog to Chews Made from Beef Hide, Real Chicken, Pork Hide, Duck and Chicken Liver</p><p> -27% 0FF </p><p>$15.98 ($10.65 / lb)</p><a href="https://www.amazon.com/dp/B07BVL8TQF?tag=eloabder-20&linkCode=osi&th=1&psc=1">View Product</a></div><div class="product"><a href="https://www.amazon.com/dp/B006HKA6II?tag=eloabder-20&linkCode=osi&th=1&psc=1"><img src="https://m.media-amazon.com/images/I/41sdmNauoVL._SL500_.jpg" alt="Product Image"></a><p>Milk-Bone Soft & Chewy Dog Treats, Beef & Filet Mignon Recipe, 25 Ounce</p><p> -7% 0FF </p><p>$14.48 ($9.27 / lb)</p><a href="https://www.amazon.com/dp/B006HKA6II?tag=eloabder-20&linkCode=osi&th=1&psc=1">View Product</a></div><div class="product"><a href="https://www.amazon.com/dp/B006W6YHHI?tag=eloabder-20&linkCode=osi&th=1&psc=1"><img src="https://m.media-amazon.com/images/I/51VcU1tm-7L._SL500_.jpg" alt="Product Image"></a><p>Greenies Original Regular Dental Dog Treats, 36 oz. Pack (36 Treats)</p><p> -8% 0FF </p><p>$36.97 ($16.43 / lb)</p><a href="https://www.amazon.com/dp/B006W6YHHI?tag=eloabder-20&linkCode=osi&th=1&psc=1">View Product</a></div><div class="product"><a href="https://www.amazon.com/dp/B07D323MFZ?tag=eloabder-20&linkCode=osi&th=1&psc=1"><img src="https://m.media-amazon.com/images/I/41OTio6+siL._SL500_.jpg" alt="Product Image"></a><p>INABA Churu Cat Treats, Grain-Free, Lickable, Squeezable Creamy Purée Cat Treat/Topper with Vitamin E & Taurine, 0.5 Ounces Each Tube, 50 Tubes, Tuna & Chicken Variety</p><p> -18% 0FF </p><p>$32.96 ($1.32 / Ounce)</p><a href="https://www.amazon.com/dp/B07D323MFZ?tag=eloabder-20&linkCode=osi&th=1&psc=1">View Product</a></div><div class="product"><a href="https://www.amazon.com/dp/B09MZDFLSV?tag=eloabder-20&linkCode=osi&th=1&psc=1"><img src="https://m.media-amazon.com/images/I/51mXUxhYDiL._SL500_.jpg" alt="Product Image"></a><p>Full Moon All Natural Human Grade Dog Treats, Essential Beef Savory Sticks, 22 Ounce, 1.375 Pound (Pack of 1)</p><p> -10% 0FF </p><p>$17.94 ($13.05 / lb)</p><a href="https://www.amazon.com/dp/B09MZDFLSV?tag=eloabder-20&linkCode=osi&th=1&psc=1">View Product</a></div><div class="product"><a href="https://www.amazon.com/dp/B07BVLGZW6?tag=eloabder-20&linkCode=osi&th=1&psc=1"><img src="https://m.media-amazon.com/images/I/51g5KoU0RiL._SL500_.jpg" alt="Product Image"></a><p>Good ‘n’ Fun Triple Flavor Wings Chews for All Dogs, 12 Ounces, Treat Your Dog to Long-Lasting Chews Made with Chicken, Pork Hide and Beef Hide</p><p> -27% 0FF </p><p>$10.48 ($13.97 / lb)</p><a href="https://www.amazon.com/dp/B07BVLGZW6?tag=eloabder-20&linkCode=osi&th=1&psc=1">View Product</a></div>
<div class="product"><a href="https://www.amazon.com/dp/B01EX0H12M?tag=eloabder-20&linkCode=osi&th=1&psc=1"><img src="https://m.media-amazon.com/images/I/41tpUtk3FGL._SL500_.jpg" alt="Product Image"></a><p>Full Moon Chicken Jerky Healthy All Natural Dog Treats Human Grade Made in USA Grain Free, 1.5 Pound (Pack of 1)</p><p> -19% 0FF </p><p>$26.44 ($17.63 / lb)</p><a href="https://www.amazon.com/dp/B01EX0H12M?tag=eloabder-20&linkCode=osi&th=1&psc=1">View Product</a></div>
<div class="product"><a href="https://www.amazon.com/dp/B07BTRHM75?tag=eloabder-20&linkCode=osi&th=1&psc=1"><img src="https://m.media-amazon.com/images/I/51yN5sax9BL._SL500_.jpg" alt="Product Image"></a><p>Delectables Bisque Lickable Wet Cat Treats - Chicken, Tuna & Shrimp, 12 count</p><p> -9% 0FF </p><p>$12.94 ($0.77 / Ounce)</p><a href="https://www.amazon.com/dp/B07BTRHM75?tag=eloabder-20&linkCode=osi&th=1&psc=1">View Product</a></div><div class="product"><a href="https://www.amazon.com/dp/B00M0FK8UU?tag=eloabder-20&linkCode=osi&th=1&psc=1"><img src="https://m.media-amazon.com/images/I/517+RuVAECL._SL500_.jpg" alt="Product Image"></a><p>Temptations MixUps Surfer's Delight Flavor Crunchy and Soft Cat Treats, 16 oz. Tub</p><p> -8% 0FF </p><p>$7.80 ($0.49 / Ounce)</p><a href="https://www.amazon.com/dp/B00M0FK8UU?tag=eloabder-20&linkCode=osi&th=1&psc=1">View Product</a></div><div class="product"><a href="https://www.amazon.com/dp/B07KGXQ1WC?tag=eloabder-20&linkCode=osi&th=1&psc=1"><img src="https://m.media-amazon.com/images/I/51lx-r6UP1L._SL500_.jpg" alt="Product Image"></a><p>Temptations Classic Crunchy and Soft Cat Treats, Shrimpy Shrimp Flavor, 16 oz. Tub</p><p> -25% 0FF </p><p>$6.36 ($0.40 / Ounce)</p><a href="https://www.amazon.com/dp/B07KGXQ1WC?tag=eloabder-20&linkCode=osi&th=1&psc=1">View Product</a></div>
<div class="product"><a href="https://www.amazon.com/dp/B0BHN7K52L?tag=eloabder-20&linkCode=osi&th=1&psc=1"><img src="https://m.media-amazon.com/images/I/41VtkP72E7L._SL500_.jpg" alt="Product Image"></a><p>Dog Toys for Aggresive Chewers - Tough,Indestructible Dog Toys for Large, Medium,Small Breed to Keep Them Busy</p><p> -38% 0FF </p><p>$9.99</p><a href="https://www.amazon.com/dp/B0BHN7K52L?tag=eloabder-20&linkCode=osi&th=1&psc=1">View Product</a></div><div class="product"><a href="https://www.amazon.com/dp/B000F4AVPA?tag=eloabder-20&linkCode=osi&th=1&psc=1"><img src="https://m.media-amazon.com/images/I/31NKTw5DUeL._SL500_.jpg" alt="Product Image"></a><p>Chuckit! Ultra Ball Dog Toy - Medium Bouncy Fetch Balls For Dogs 20-60 lbs - Made from Durable Rubber - Floating Water Pet Toys - Size Medium - 2.5-inch Diameter - Pack of 2</p><p> -35% 0FF </p><p>$7.13</p><a href="https://www.amazon.com/dp/B000F4AVPA?tag=eloabder-20&linkCode=osi&th=1&psc=1">View Product</a></div><div class="product"><a href="https://www.amazon.com/dp/B0B1LVKG8D?tag=eloabder-20&linkCode=osi&th=1&psc=1"><img src="https://m.media-amazon.com/images/I/51bjl2slJTL._SL500_.jpg" alt="Product Image"></a><p>Fuufome Large Squeaky Dog Toys- Plush Dog Toys with Soft Fabric for Small, Medium, and Large Dogs Daily Companionship, Training Reward Gift</p><p> -41% 0FF </p><p>$9.49</p><a href="https://www.amazon.com/dp/B0B1LVKG8D?tag=eloabder-20&linkCode=osi&th=1&psc=1">View Product</a></div>

<div class="product"><a href="https://www.amazon.com/dp/B01AHM6P18?tag=eloabder-20&linkCode=osi&th=1&psc=1"><img src="https://m.media-amazon.com/images/I/51z5bUF-cpL._SL500_.jpg" alt="Product Image"></a><p>Fashion's Talk Cat Toys Variety Pack for Kitty 20 Pieces</p><p> -21% 0FF </p><p>$9.49</p><a href="https://www.amazon.com/dp/B01AHM6P18?tag=eloabder-20&linkCode=osi&th=1&psc=1">View Product</a></div><div class="product"><a href="https://www.amazon.com/dp/B0DG1X5KHM?tag=eloabder-20&linkCode=osi&th=1&psc=1"><img src="https://m.media-amazon.com/images/I/31YvLOoWZsL._SL500_.jpg" alt="Product Image"></a><p>Jkanti Interactive Cat Toys for Indoor Cats,The 3rd Generation Agile Moving Cat Ball with Elastic Mesh Tail,Automatic Kitten Toys for Bored Indoor Adult Cats,Motion Activated (Orange)</p><p> -10% 0FF </p><p>$17.99</p><a href="https://www.amazon.com/dp/B0DG1X5KHM?tag=eloabder-20&linkCode=osi&th=1&psc=1">View Product</a></div><div class="product"><a href="https://www.amazon.com/dp/B0D6W8B4FM?tag=eloabder-20&linkCode=osi&th=1&psc=1"><img src="https://m.media-amazon.com/images/I/31tkIoBZ3tL._SL500_.jpg" alt="Product Image"></a><p>TBTeek Cat Toys, USB Rechargeable Kitten Toy, 3 Light Modes & 5 Adjustable Patterns, Portable Interactive Pet Dog Cat Mouse Toy for Fun Chase Play Exercise</p><p> -13% 0FF </p><p>$6.97</p><a href="https://www.amazon.com/dp/B0D6W8B4FM?tag=eloabder-20&linkCode=osi&th=1&psc=1">View Product</a></div><div class="product"><a href="https://www.amazon.com/dp/B0CZ3YD1V6?tag=eloabder-20&linkCode=osi&th=1&psc=1"><img src="https://m.media-amazon.com/images/I/41nrT5-eUfL._SL500_.jpg" alt="Product Image"></a><p>Potaroma Cat Toys Chew Ropes 3Pcs with Refillable Natural Catnip, Safe Teeth Cleaning Toy for Indoor Kittens, Interactive Cat Nip Kitty Toys for All Breeds 19.5 Inches</p><p> -42% 0FF </p><p>$7.59</p><a href="https://www.amazon.com/dp/B0CZ3YD1V6?tag=eloabder-20&linkCode=osi&th=1&psc=1">View Product</a></div><div class="product"><a href="https://www.amazon.com/dp/B09WHBG4DV?tag=eloabder-20&linkCode=osi&th=1&psc=1"><img src="https://m.media-amazon.com/images/I/41eXntBWimL._SL500_.jpg" alt="Product Image"></a><p>Potaroma Cat Toys Pillows, 3 Pack, Soft and Durable Crinkle Sound with Catnip Inside, Interactive Indoor Kitten Kicker, Promotes Kitty Exercise</p><p> -38% 0FF </p><p>$9.98</p><a href="https://www.amazon.com/dp/B09WHBG4DV?tag=eloabder-20&linkCode=osi&th=1&psc=1">View Product</a></div>
<div class="product"><a href="https://www.amazon.com/dp/B08CXGYW1Q?tag=eloabder-20&linkCode=osi&th=1&psc=1"><img src="https://m.media-amazon.com/images/I/51TwJcM8A9L._SL500_.jpg" alt="Product Image"></a><p>Bedsure Calming Dog Bed Medium Size Dog - Donut Washable Medium Pet Bed, 30 inches Anti-Slip Round Fluffy Plush Faux Fur Cat Bed, Fits up to 45 lbs Pets, Camel</p><p> -7% 0FF </p><p>$39.99</p><a href="https://www.amazon.com/dp/B08CXGYW1Q?tag=eloabder-20&linkCode=osi&th=1&psc=1">View Product</a></div><div class="product"><a href="https://www.amazon.com/dp/B0DBYVR7LH?tag=eloabder-20&linkCode=osi&th=1&psc=1"><img src="https://m.media-amazon.com/images/I/51Mdi5roe1L._SL500_.jpg" alt="Product Image"></a><p>Hoewina Dog & Cat Bed for Indoor Cats, 20in Calming Donut Bed for Puppy and Kitten, Washable Round Fluffy Pet Bed for Small Medium Dogs and Cats (Light Grey)</p><p> -18% 0FF </p><p>$9.85</p><a href="https://www.amazon.com/dp/B0DBYVR7LH?tag=eloabder-20&linkCode=osi&th=1&psc=1">View Product</a></div><div class="product"><a href="https://www.amazon.com/dp/B0FBLRWFC1?tag=eloabder-20&linkCode=osi&th=1&psc=1"><img src="https://m.media-amazon.com/images/I/41qIhp9dq7L._SL500_.jpg" alt="Product Image"></a><p>Donut Dog Bed for Small Medium Dogs Cats, 18 inch Calming Washable-Round Cozy Soft Pet Bed for Puppy and Kitten with Slip-Resistant Bottom</p><p> -50% 0FF </p><p>$9.99</p><a href="https://www.amazon.com/dp/B0FBLRWFC1?tag=eloabder-20&linkCode=osi&th=1&psc=1">View Product</a></div><div class="product"><a href="https://www.amazon.com/dp/B000TZ73EW?tag=eloabder-20&linkCode=osi&th=1&psc=1"><img src="https://m.media-amazon.com/images/I/41PrtjgWzEL._SL500_.jpg" alt="Product Image"></a><p>MidWest Homes for Pets QuietTime XXS Dog Bed – Cinnamon Faux Fur Bolster, Ultra-Soft and Machine Washable, Fits 18-Inch Crates and Carriers, for Small Dogs and Cats</p><p> -13% 0FF </p><p>$11.33</p><a href="https://www.amazon.com/dp/B000TZ73EW?tag=eloabder-20&linkCode=osi&th=1&psc=1">View Product</a></div>

<div class="product"><a href="https://www.amazon.com/dp/B07MFYSKCL?tag=eloabder-20&linkCode=osi&th=1&psc=1"><img src="https://m.media-amazon.com/images/I/41WrfqDuWpL._SL500_.jpg" alt="Product Image"></a><p>Love's cabin Round Donut Cat and Dog Cushion Bed, 20in Bed for Cats or Small Dogs, Anti-Slip & Water-Resistant Bottom, Super Soft Durable Fabric Pet Beds, Washable Luxury Cat & Dog Bed Gray</p><p> -20% 0FF </p><p>$15.99</p><a href="https://www.amazon.com/dp/B07MFYSKCL?tag=eloabder-20&linkCode=osi&th=1&psc=1">View Product</a></div><div class="product"><a href="https://www.amazon.com/dp/B08CY5VR5W?tag=eloabder-20&linkCode=osi&th=1&psc=1"><img src="https://m.media-amazon.com/images/I/51Hp7ZTQiFL._SL500_.jpg" alt="Product Image"></a><p>Bedsure Cat Beds for Indoor Cats - Large Cat Cave for Pet Cat House with Fluffy Ball Hanging and Scratch Pad, Foldable Cat Hideaway, 16.5x16.5x13 inches, Grey</p><p> -20% 0FF </p><p>$23.99</p><a href="https://www.amazon.com/dp/B08CY5VR5W?tag=eloabder-20&linkCode=osi&th=1&psc=1">View Product</a></div><div class="product"><a href="https://www.amazon.com/dp/B06XF6VH2N?tag=eloabder-20&linkCode=osi&th=1&psc=1"><img src="https://m.media-amazon.com/images/I/41+7YS2mbWL._SL500_.jpg" alt="Product Image"></a><p>Furhaven ThermaNAP Self-Warming Cat Bed for Indoor Cats & Small Dogs, Washable & Reflects Body Heat - Quilted Faux Fur Reflective Bed Mat - Gray, Small</p><p> -8% 0FF </p><p>$11.99</p><a href="https://www.amazon.com/dp/B06XF6VH2N?tag=eloabder-20&linkCode=osi&th=1&psc=1">View Product</a></div><div class="product"><a href="https://www.amazon.com/dp/B0DDKRS437?tag=eloabder-20&linkCode=osi&th=1&psc=1"><img src="https://m.media-amazon.com/images/I/31eWtW2c9JL._SL500_.jpg" alt="Product Image"></a><p>BALANCE Cat Bed Kitten Bed, Washable Round Cat Beds for Indoor Cats, Super Soft Plush Faux Fur Pet Bed for Puppy and Kitten with Anti-Slip Bottom</p><p> -21% 0FF </p><p>$28.49</p><a href="https://www.amazon.com/dp/B0DDKRS437?tag=eloabder-20&linkCode=osi&th=1&psc=1">View Product</a></div>
<div class="product"><a href="https://www.amazon.com/dp/B0BFG9Z2P9?tag=eloabder-20&linkCode=osi&th=1&psc=1"><img src="https://m.media-amazon.com/images/I/418f7l64RZL._SL500_.jpg" alt="Product Image"></a><p>Tomkas Small Dog Sling Carrier - Classic Pocket & Classic Strap - for 3-10 lbs Pets(Black)</p><p> -5% 0FF </p><p>$13.29</p><a href="https://www.amazon.com/dp/B0BFG9Z2P9?tag=eloabder-20&linkCode=osi&th=1&psc=1">View Product</a></div>
<div class="product"><a href="https://www.amazon.com/dp/B0CTF8S82M?tag=eloabder-20&linkCode=osi&th=1&psc=1"><img src="https://m.media-amazon.com/images/I/31iR7d1zNSL._SL500_.jpg" alt="Product Image"></a><p>Dog Carrier Sling - Reversible Puppy Carrier Purse with Storage Pocket, Hand-Free Dog Sling Carrier for Carry Small Dogs and Cats, Travel Safety Harness, Dog and Cat Harness(Black)</p><p> -17% 0FF </p><p>$9.99</p><a href="https://www.amazon.com/dp/B0CTF8S82M?tag=eloabder-20&linkCode=osi&th=1&psc=1">View Product</a></div><div class="product"><a href="https://www.amazon.com/dp/B09MJ131L5?tag=eloabder-20&linkCode=osi&th=1&psc=1"><img src="https://m.media-amazon.com/images/I/51vCG0gYKFL._SL500_.jpg" alt="Product Image"></a><p>GAPZER Pet Carrier for Large Cats, Soft-Sided Cat Carrier for Medium Big Cats and Puppy up to 20lbs, Washable Dog Carrier Privacy Protection for Home Outdoor Travel</p><p> -25% 0FF </p><p>$29.99</p><a href="https://www.amazon.com/dp/B09MJ131L5?tag=eloabder-20&linkCode=osi&th=1&psc=1">View Product</a></div><div class="product"><a href="https://www.amazon.com/dp/B0CGB1SRGH?tag=eloabder-20&linkCode=osi&th=1&psc=1"><img src="https://m.media-amazon.com/images/I/51x07O9JhRL._SL500_.jpg" alt="Product Image"></a><p>Soft Sided Cat/Dog Carrier,Collapsible Pets Travel Carriers for Pet/Puppy with Shoulder Strap & Removable Mat,Mesh Top Load Small Dogs/Cats Carry Bag Up to 17 Lbs TSA Airline Approved（Black,M）</p><p> -15% 0FF </p><p>$17.77 ($17.77 / Count)</p><a href="https://www.amazon.com/dp/B0CGB1SRGH?tag=eloabder-20&linkCode=osi&th=1&psc=1">View Product</a></div>

<div class="product"><a href="https://www.amazon.com/dp/B0BHYZV3HY?tag=eloabder-20&linkCode=osi&th=1&psc=1"><img src="https://m.media-amazon.com/images/I/51GsL7XYrvL._SL500_.jpg" alt="Product Image"></a><p>oneisall Dog Grooming Vacuum, Pet Grooming Vacuum with Clipper Nail Grinder, 1.5L Dust Cup Dog deshedding Vacuum Brush with 7 Pet Grooming Tools for Shedding Pet Hair, Home Cleaning(Blue)</p><p> -9% 0FF </p><p>$99.99</p><a href="https://www.amazon.com/dp/B0BHYZV3HY?tag=eloabder-20&linkCode=osi&th=1&psc=1">View Product</a></div><div class="product"><a href="https://www.amazon.com/dp/B01330IKAA?tag=eloabder-20&linkCode=osi&th=1&psc=1"><img src="https://m.media-amazon.com/images/I/31tp596fu2L._SL500_.jpg" alt="Product Image"></a><p>BioSilk for Dogs Silk Therapy Detangling Plus Shine Mist for Dogs | Best Detangling Spray for All Dogs & Puppies for Shiny Coats and Dematting | 8 Oz Bottle (Packaging May Vary)</p><p> -11% 0FF </p><p>$8.92</p><a href="https://www.amazon.com/dp/B01330IKAA?tag=eloabder-20&linkCode=osi&th=1&psc=1">View Product</a></div><div class="product"><a href="https://www.amazon.com/dp/B00VC8DQX2?tag=eloabder-20&linkCode=osi&th=1&psc=1"><img src="https://m.media-amazon.com/images/I/41o8MrUqR1L._SL500_.jpg" alt="Product Image"></a><p>SleekEZ Dog Brush for Shedding & Dog Grooming Supplies | Pet Hair Removal Tool | Great For All Fur Types | For Short, Medium, & Long Hair Pets | Reduces Shedding by 95% | Made in USA | 1 pack | 5 inch</p><p> -15% 0FF </p><p>$19.97</p><a href="https://www.amazon.com/dp/B00VC8DQX2?tag=eloabder-20&linkCode=osi&th=1&psc=1">View Product</a></div><div class="product"><a href="https://www.amazon.com/dp/B0002H3RBU?tag=eloabder-20&linkCode=osi&th=1&psc=1"><img src="https://m.media-amazon.com/images/I/41G42uu7qBL._SL500_.jpg" alt="Product Image"></a><p>Miracle Care Kwik Stop Styptic Powder For Dogs, Cats and Birds, 0.5 Ounce, Fast Acting Blood Stop Powder with Pain Relieving Benzocaine</p><p> -5% 0FF </p><p>$9.99</p><a href="https://www.amazon.com/dp/B0002H3RBU?tag=eloabder-20&linkCode=osi&th=1&psc=1">View Product</a></div><div class="product"><a href="https://www.amazon.com/dp/B0CNZB3L28?tag=eloabder-20&linkCode=osi&th=1&psc=1"><img src="https://m.media-amazon.com/images/I/41XWOVhEWmL._SL500_.jpg" alt="Product Image"></a><p>MEDUWEDU Ear Cleaner Finger Wipes 60 Counts, Dog Ear Cleaner, Grooming Kit Care for Dogs and Cats, Soft & Easy Otic Cleaning Pads, Remove Wax, Dirt & Stop Smelly, Itchy, Non-Irritating, Coconut Scent</p><p> -13% 0FF </p><p>$6.97</p><a href="https://www.amazon.com/dp/B0CNZB3L28?tag=eloabder-20&linkCode=osi&th=1&psc=1">View Product</a></div><div class="product"><a href="https://www.amazon.com/dp/B01HRSZRXM?tag=eloabder-20&linkCode=osi&th=1&psc=1"><img src="https://m.media-amazon.com/images/I/51jzCKDndHL._SL500_.jpg" alt="Product Image"></a><p>oneisall Dog Clipper Low Noise, Dog Grooming Kit with Rechargeable, Pet Shaver Cordless Electric Quiet Hair Clipper Set for Dogs Cats Pets（Gold）</p><p> -25% 0FF </p><p>$29.99</p><a href="https://www.amazon.com/dp/B01HRSZRXM?tag=eloabder-20&linkCode=osi&th=1&psc=1">View Product</a></div>
<div class="product"><a href="https://www.amazon.com/dp/B07CXQQ4Q5?tag=eloabder-20&linkCode=osi&th=1&psc=1"><img src="https://m.media-amazon.com/images/I/41fZKGIVQRL._SL500_.jpg" alt="Product Image"></a><p>PetArmor 7 Way De-Wormer for Dogs, Oral Treatment for Tapeworm, Roundworm & Hookworm in Large Dogs & Puppies (Over 25 lbs), Worm Remover (Praziquantel & Pyrantel Pamoate), 2 Flavored Chewables</p><p> -10% 0FF </p><p>$18.00 ($9.00 / Count)</p><a href="https://www.amazon.com/dp/B07CXQQ4Q5?tag=eloabder-20&linkCode=osi&th=1&psc=1">View Product</a></div><div class="product"><a href="https://www.amazon.com/dp/B000O5DHT2?tag=eloabder-20&linkCode=osi&th=1&psc=1"><img src="https://m.media-amazon.com/images/I/41Am2odDJjL._SL500_.jpg" alt="Product Image"></a><p>Merial Zimecterin Gold Dewormer Paste for Horses, 7.35gm (Packaging May Vary)</p><p> -20% 0FF </p><p>$16.69</p><a href="https://www.amazon.com/dp/B000O5DHT2?tag=eloabder-20&linkCode=osi&th=1&psc=1">View Product</a></div><div class="product"><a href="https://www.amazon.com/dp/B078YCWFKK?tag=eloabder-20&linkCode=osi&th=1&psc=1"><img src="https://m.media-amazon.com/images/I/41+lFxJHMCL._SL500_.jpg" alt="Product Image"></a><p>Durvet 2251171 Wormer-Double Strength Liquid Dog</p><p> -8% 0FF </p><p>$27.78</p><a href="https://www.amazon.com/dp/B078YCWFKK?tag=eloabder-20&linkCode=osi&th=1&psc=1">View Product</a></div>
<div class="product"><a href="https://www.amazon.com/dp/B0BR5VST5N?tag=eloabder-20&linkCode=osi&th=1&psc=1"><img src="https://m.media-amazon.com/images/I/31smh+Fyk0L._SL500_.jpg" alt="Product Image"></a><p>IMIPAW Automatic Cat Feeders, 3L Timed Cat Dry Food Dispenser, Dual Power Supply, Programmable Portion Size, Auto Pet Feeder for Cats and Small Dogs</p><p> -28% 0FF </p><p>$25.99</p><a href="https://www.amazon.com/dp/B0BR5VST5N?tag=eloabder-20&linkCode=osi&th=1&psc=1">View Product</a></div><div class="product"><a href="https://www.amazon.com/dp/B0DF7H6SGZ?tag=eloabder-20&linkCode=osi&th=1&psc=1"><img src="https://m.media-amazon.com/images/I/41kiwgcXNWL._SL500_.jpg" alt="Product Image"></a><p>Automatic Cat Feeder, 4L Cat Food Dispenser with 10s Voice Recorder, Pet Feeder up to 8 Meals per Day, Timed Dog Feeder with Dry Food Sealed Ring (White, 4L-Basic)</p><p> -18% 0FF </p><p>$22.09</p><a href="https://www.amazon.com/dp/B0DF7H6SGZ?tag=eloabder-20&linkCode=osi&th=1&psc=1">View Product</a></div><div class="product"><a href="https://www.amazon.com/dp/B0DQLJJ5XT?tag=eloabder-20&linkCode=osi&th=1&psc=1"><img src="https://m.media-amazon.com/images/I/31AWcXWoThL._SL500_.jpg" alt="Product Image"></a><p>Dual Automatic Cat Feeder 2 Cats,6 Meals/Day,12 Portions/Meal,4.2L Dual Power Double Bowls Feeder,Dry Food Auto Pet Dispenser,10S Voice Record,Flexible Schedule Timer (Black,Stainless Dual Bowls)</p><p> -39% 0FF </p><p>$29.99</p><a href="https://www.amazon.com/dp/B0DQLJJ5XT?tag=eloabder-20&linkCode=osi&th=1&psc=1">View Product</a></div><div class="product"><a href="https://www.amazon.com/dp/B0DMFGFQ39?tag=eloabder-20&linkCode=osi&th=1&psc=1"><img src="https://m.media-amazon.com/images/I/31uwj+gO+sL._SL500_.jpg" alt="Product Image"></a><p>ZOMISIA Gravity Cat Feeder and Water Dispenser, 2 in 1 Cat Self Feeder with 180 Degree Rotatable, 2 Pack Automatic Feeding Large Capacity for Small Medium Dog Puppy Kitten, Black, 0.8 Gallon x 2</p><p> -21% 0FF </p><p>$28.49</p><a href="https://www.amazon.com/dp/B0DMFGFQ39?tag=eloabder-20&linkCode=osi&th=1&psc=1">View Product</a></div><div class="product"><a href="https://www.amazon.com/dp/B09S8WMJY9?tag=eloabder-20&linkCode=osi&th=1&psc=1"><img src="https://m.media-amazon.com/images/I/41BhIBNEoGL._SL500_.jpg" alt="Product Image"></a><p>PETLIBRO Automatic Cat Feeder, 5G WiFi Automatic Dog Food Dispenser with Freshness Preservation, 5L Timed Pet Feeder with Low Food Sensor, Up to 10 Meals Per Day, Granary Black</p><p> -30% 0FF </p><p>$69.99</p><a href="https://www.amazon.com/dp/B09S8WMJY9?tag=eloabder-20&linkCode=osi&th=1&psc=1">View Product</a></div><div class="product"><a href="https://www.amazon.com/dp/B0F1MQQ2S3?tag=eloabder-20&linkCode=osi&th=1&psc=1"><img src="https://m.media-amazon.com/images/I/41jCkjw2PhL._SL500_.jpg" alt="Product Image"></a><p>HoneyGuaridan Automatic Cat Feeder for Two Cats, Food Dispenser with Stainless Steel Bowl,Timed Cat Feeder Programmable 1-6 Meals Control, Dual Power Supply,10s Meal Call Black</p><p> -15% 0FF </p><p>$46.99</p><a href="https://www.amazon.com/dp/B0F1MQQ2S3?tag=eloabder-20&linkCode=osi&th=1&psc=1">View Product</a></div>
<div class="product"><a href="https://www.amazon.com/dp/B0C4TF7Z92?tag=eloabder-20&linkCode=osi&th=1&psc=1"><img src="https://m.media-amazon.com/images/I/51I2UG6QOyL._SL500_.jpg" alt="Product Image"></a><p>NEEZUKAR Dog Car Seat for Small Medium Dogs,Detachable Washable Dog Booster Seat Under 30lbs, Pet Car Seat Travel Bed with Storage Pockets and Dog Safety Belt (Black)</p><p> -10% 0FF </p><p>$44.99 ($44.99 / Count)</p><a href="https://www.amazon.com/dp/B0C4TF7Z92?tag=eloabder-20&linkCode=osi&th=1&psc=1">View Product</a></div><div class="product"><a href="https://www.amazon.com/dp/B0CB2S7PVV?tag=eloabder-20&linkCode=osi&th=1&psc=1"><img src="https://m.media-amazon.com/images/I/51+FMM25wiL._SL500_.jpg" alt="Product Image"></a><p>Dog Car Seat - Memory Foam Dog Booster Seat for Small Dogs Up to 25lbs-Elevated Pet Car Seat with Storage Pockets and Dog Seat Belt-Soft Pet Travel Bed for Front & Back Seats-Removable Washable-Grey</p><p> -28% 0FF </p><p>$35.97 ($0.45 / Count)</p><a href="https://www.amazon.com/dp/B0CB2S7PVV?tag=eloabder-20&linkCode=osi&th=1&psc=1">View Product</a></div><div class="product"><a href="https://www.amazon.com/dp/B0B8VF4MW1?tag=eloabder-20&linkCode=osi&th=1&psc=1"><img src="https://m.media-amazon.com/images/I/51sbdmnFJwL._SL500_.jpg" alt="Product Image"></a><p>PETSFIT Dog Car Seats for Small Dogs, Patent Safe Buckles Dog Booster Car Seat, Cat Cars Seat with Safety Belt, Suitable for Small Pets Up to 25lbs (Grey)</p><p> -9% 0FF </p><p>$35.97</p><a href="https://www.amazon.com/dp/B0B8VF4MW1?tag=eloabder-20&linkCode=osi&th=1&psc=1">View Product</a></div><div class="product"><a href="https://www.amazon.com/dp/B0C811NJ98?tag=eloabder-20&linkCode=osi&th=1&psc=1"><img src="https://m.media-amazon.com/images/I/51MjeG4jB6L._SL500_.jpg" alt="Product Image"></a><p>SlowTon Console Dog Car Seat - Portable Dogs Armrest Booster Seat for Small Dog, Anti-Collapse Pet Car Seat with Soft Cushion Safety Belt, Support Pet Up to 11lbs (Black)</p><p> -5% 0FF </p><p>$37.89 ($37.89 / Count)</p><a href="https://www.amazon.com/dp/B0C811NJ98?tag=eloabder-20&linkCode=osi&th=1&psc=1">View Product</a></div><div class="product"><a href="https://www.amazon.com/dp/B0D2D2T38B?tag=eloabder-20&linkCode=osi&th=1&psc=1"><img src="https://m.media-amazon.com/images/I/41rFustc3hL._SL500_.jpg" alt="Product Image"></a><p>HEGGCOOE Small Dog Car Seat, Memory Foam Dog Booster Car Seats with Thick Cushion for Medium Dogs Under 35lbs, Detachable Washable Dog Bed for Car, Pet Carseat with Storage Pockets,2 Safety Belts</p><p> -15% 0FF </p><p>$58.63</p><a href="https://www.amazon.com/dp/B0D2D2T38B?tag=eloabder-20&linkCode=osi&th=1&psc=1">View Product</a></div>
<div class="product"><a href="https://www.amazon.com/dp/B0D6Z4L6BW?tag=eloabder-20&linkCode=osi&th=1&psc=1"><img src="https://m.media-amazon.com/images/I/515L+bqRRKL._SL500_.jpg" alt="Product Image"></a><p>Tractive Smart Dog GPS Tracker | Live Pet Tracker with Virtual Fence | Vital Signs Monitoring of Heart & Respiratory Rate | Bark Monitoring | Dog Collar Attachment (Black)</p><p> -40% 0FF </p><p>$41.40</p><a href="https://www.amazon.com/dp/B0D6Z4L6BW?tag=eloabder-20&linkCode=osi&th=1&psc=1">View Product</a></div><div class="product"><a href="https://www.amazon.com/dp/B0C75D8QZ9?tag=eloabder-20&linkCode=osi&th=1&psc=1"><img src="https://m.media-amazon.com/images/I/51RJI30GT5L._SL500_.jpg" alt="Product Image"></a><p>Tractive Smart Cat GPS Tracker | Real-Time Location & Wellness Monitoring for Cats 6.5 lbs+ | Territory & Location History | Up to 5-Day Battery | Breakaway Collar Included (Dark Blue)</p><p> -14% 0FF </p><p>$29.40</p><a href="https://www.amazon.com/dp/B0C75D8QZ9?tag=eloabder-20&linkCode=osi&th=1&psc=1">View Product</a></div><div class="product"><a href="https://www.amazon.com/dp/B0C2C5LP16?tag=eloabder-20&linkCode=osi&th=1&psc=1"><img src="https://m.media-amazon.com/images/I/41nG8vcAwrL._SL500_.jpg" alt="Product Image"></a><p>Tractive XL Smart Dog GPS Tracker | Live Pet Tracker with Virtual Fence | Vital Signs Monitoring of Heart & Respiratory Rate | Up to 1-Month Battery Life | Dog Collar Attachment (Green)</p><p> -41% 0FF </p><p>$41.40</p><a href="https://www.amazon.com/dp/B0C2C5LP16?tag=eloabder-20&linkCode=osi&th=1&psc=1">View Product</a></div>
<div class="product"><a href="https://www.amazon.com/dp/B0BJZMBBQM?tag=eloabder-20&linkCode=osi&th=1&psc=1"><img src="https://m.media-amazon.com/images/I/41XUAqCwkyL._SL500_.jpg" alt="Product Image"></a><p>Potaroma Cat Toys Flapping Bird (No Flying), Lifelike Sandpiper Chirp Tweet, Rechargeable Touch Activated Kitten Toy Interactive Cat Exercise Toys for All Breeds Cat Kicker Catnip Toys 4.0"</p><p> -10% 0FF </p><p>$17.98</p><a href="https://www.amazon.com/dp/B0BJZMBBQM?tag=eloabder-20&linkCode=osi&th=1&psc=1">View Product</a></div><div class="product"><a href="https://www.amazon.com/dp/B0D4V9V39Y?tag=eloabder-20&linkCode=osi&th=1&psc=1"><img src="https://m.media-amazon.com/images/I/41g+ya1722L._SL500_.jpg" alt="Product Image"></a><p>BoYoYo Interactive Dog Puzzle Toys for Boredom, Dogs Enrichment Toy to Keep Them Busy, Treat Dispensing Slow Feeder</p><p> -19% 0FF </p><p>$12.99</p><a href="https://www.amazon.com/dp/B0D4V9V39Y?tag=eloabder-20&linkCode=osi&th=1&psc=1">View Product</a></div>
<div class="product"><a href="https://www.amazon.com/dp/B0CVR38NWQ?tag=eloabder-20&linkCode=osi&th=1&psc=1"><img src="https://m.media-amazon.com/images/I/41Vuz0-BN3L._SL500_.jpg" alt="Product Image"></a><p>IRIS USA Dog Food Storage Container, 10 Pound, Airtight Seal and Buckle, Easy 1 Hand Opening Hinged Lid, Versatile, Space Saving Compact Size, Pearl/Black</p><p> -25% 0FF </p><p>$14.99</p><a href="https://www.amazon.com/dp/B0CVR38NWQ?tag=eloabder-20&linkCode=osi&th=1&psc=1">View Product</a></div>
<div class="product"><a href="https://www.amazon.com/dp/B07SB22JNX?tag=eloabder-20&linkCode=osi&th=1&psc=1"><img src="https://m.media-amazon.com/images/I/41LcLbaDSXL._SL500_.jpg" alt="Product Image"></a><p>EBPP Dog Sunscreen Sun Skin Protector Spray 8 fl oz - Safe for All Breeds with No Zinc Oxide - Pet Protection and Moisturizer for Skin, Coat, Nose, Ears</p><p> -20% 0FF </p><p>$15.16 ($1.90 / Fl Oz)</p><a href="https://www.amazon.com/dp/B07SB22JNX?tag=eloabder-20&linkCode=osi&th=1&psc=1">View Product</a></div><div class="product"><a href="https://www.amazon.com/dp/B0F1Y7WTCG?tag=eloabder-20&linkCode=osi&th=1&psc=1"><img src="https://m.media-amazon.com/images/I/41QOkyjA7KL._SL500_.jpg" alt="Product Image"></a><p>Noseprint SPF 50 Sun Protection Balm For Pets 30 ML in Tin | Moisturising Sunscreen For Dogs And Cat Non-Toxic Formula Nose and Dog Paw Balm Sunblock Cream | puppy Sun Protection</p><p> -10% 0FF </p><p>$8.99 ($8.50 / Ounce)</p><a href="https://www.amazon.com/dp/B0F1Y7WTCG?tag=eloabder-20&linkCode=osi&th=1&psc=1">View Product</a></div><div class="product"><a href="https://www.amazon.com/dp/B0F2B31RQ4?tag=eloabder-20&linkCode=osi&th=1&psc=1"><img src="https://m.media-amazon.com/images/I/51wf3WZ0a2L._SL500_.jpg" alt="Product Image"></a><p>Handy Hound SnoutScreen Dog Paw Balm and All-Natural Dog Nose Balm for Dry, Cracked Skin, Dog Itching Skin Relief, Dog Sunscreen, Vet Recommended, Made in USA, Protects Against UVB and UVC Rays, 1 oz</p><p> -23% 0FF </p><p>$9.99</p><a href="https://www.amazon.com/dp/B0F2B31RQ4?tag=eloabder-20&linkCode=osi&th=1&psc=1">View Product</a></div><div class="product"><a href="https://www.amazon.com/dp/B0FH6TBWCZ?tag=eloabder-20&linkCode=osi&th=1&psc=1"><img src="https://m.media-amazon.com/images/I/518O0j+AFzL._SL500_.jpg" alt="Product Image"></a><p>Frozen Lemon Lab Pack of 2 Pet Sunscreen Balm SPF 50 – 30ml Each – Dog & Cat Sunblock for Nose, Ears & Skin – Safe, Non-Toxic, Zinc-Free Sun Protection for Pets – Water Resistant Sun Cream</p><p> -9% 0FF </p><p>$14.50 ($7.25 / Count)</p><a href="https://www.amazon.com/dp/B0FH6TBWCZ?tag=eloabder-20&linkCode=osi&th=1&psc=1">View Product</a></div>

<div class="product"><a href="https://www.amazon.com/dp/B0FJ2NPL47?tag=eloabder-20&linkCode=osi&th=1&psc=1"><img src="https://m.media-amazon.com/images/I/51TDSHRvQDL._SL500_.jpg" alt="Product Image"></a><p>Pet Hair Removal Glove for Dogs & Cats, Newly Upgraded Reusable Electrostatic Pet Hair Gloves, Pet Hair Remover Tool for Clothing, Couch, Carpet, Car Seat</p><p> -15% 0FF </p><p>$16.99</p><a href="https://www.amazon.com/dp/B0FJ2NPL47?tag=eloabder-20&linkCode=osi&th=1&psc=1">View Product</a></div><div class="product"><a href="https://www.amazon.com/dp/B0DMWBS87F?tag=eloabder-20&linkCode=osi&th=1&psc=1"><img src="https://m.media-amazon.com/images/I/51Q8Cx4sNWL._SL500_.jpg" alt="Product Image"></a><p>Paw Science Dog Eye Wipes - Hypoallergenic Eye & Face Wipes for Dogs, Cats, & Puppy - Pet Tear Stain Remover & Cleaner - Gently Cleans & Removes Discharge, Crust, & Gunk (Coconut)</p><p> -36% 0FF </p><p>$8.99 ($0.09 / Count)</p><a href="https://www.amazon.com/dp/B0DMWBS87F?tag=eloabder-20&linkCode=osi&th=1&psc=1">View Product</a></div><div class="product"><a href="https://www.amazon.com/dp/B0FH6PZ6RZ?tag=eloabder-20&linkCode=osi&th=1&psc=1"><img src="https://m.media-amazon.com/images/I/414hJ-w970L._SL500_.jpg" alt="Product Image"></a><p>Dog Nail Grinder with 2 LED Lights Powerful 2 Speeds Super Quiet Dog Nail Trimmers with 3 Grinding Wheels Rechargeable Pet Dog Nail Clippers for Large Medium Puppy Dogs Nail File Cat Nail Clipper Blue</p><p> -5% 0FF </p><p>$18.99</p><a href="https://www.amazon.com/dp/B0FH6PZ6RZ?tag=eloabder-20&linkCode=osi&th=1&psc=1">View Product</a></div><div class="product"><a href="https://www.amazon.com/dp/B0FD9MGDKV?tag=eloabder-20&linkCode=osi&th=1&psc=1"><img src="https://m.media-amazon.com/images/I/51XGj6QgMcL._SL500_.jpg" alt="Product Image"></a><p>Pet Hair Removal Glove for Cats & Dogs, Upgraded Five-Finger Electrostatic Pet Hair Gloves, Reusable Magic Brush Pet Hair Remover Tool for Laundry, Couch, Carpet, Car Seat</p><p> -19% 0FF </p><p>$16.17</p><a href="https://www.amazon.com/dp/B0FD9MGDKV?tag=eloabder-20&linkCode=osi&th=1&psc=1">View Product</a></div>
<div class="product"><a href="https://www.amazon.com/dp/B09K8YYVWV?tag=eloabder-20&linkCode=osi&th=1&psc=1"><img src="https://m.media-amazon.com/images/I/4123dxF1ijL._SL500_.jpg" alt="Product Image"></a><p>Blue Buffalo Life Protection Formula Natural Adult Dry Dog Food, Chicken and Brown Rice 5-lb Trial Size Bag</p><p> -17% 0FF </p><p>$14.98 ($3.00 / lb)</p><a href="https://www.amazon.com/dp/B09K8YYVWV?tag=eloabder-20&linkCode=osi&th=1&psc=1">View Product</a></div><div class="product"><a href="https://www.amazon.com/dp/B0000AH3QT?tag=eloabder-20&linkCode=osi&th=1&psc=1"><img src="https://m.media-amazon.com/images/I/41FXHOzdCWL._SL500_.jpg" alt="Product Image"></a><p>Purina ONE Chicken and Rice Formula Dry Dog Food - 8 lb. Bag</p><p> -9% 0FF </p><p>$16.28 ($2.04 / Pound)</p><a href="https://www.amazon.com/dp/B0000AH3QT?tag=eloabder-20&linkCode=osi&th=1&psc=1">View Product</a></div><div class="product"><a href="https://www.amazon.com/dp/B0000AH3QW?tag=eloabder-20&linkCode=osi&th=1&psc=1"><img src="https://m.media-amazon.com/images/I/41jXsOOPPtL._SL500_.jpg" alt="Product Image"></a><p>Purina ONE Dry Dog Food Lamb and Rice Formula - 8 lb. Bag</p><p> -9% 0FF </p><p>$16.28 ($2.04 / pound)</p><a href="https://www.amazon.com/dp/B0000AH3QW?tag=eloabder-20&linkCode=osi&th=1&psc=1">View Product</a></div><div class="product"><a href="https://www.amazon.com/dp/B09K9FDLFN?tag=eloabder-20&linkCode=osi&th=1&psc=1"><img src="https://m.media-amazon.com/images/I/41fn4P3zY0L._SL500_.jpg" alt="Product Image"></a><p>Blue Buffalo Life Protection Formula Natural Adult Small Breed Dry Dog Food, Chicken and Brown Rice 5-lb Trial Size Bag</p><p> -15% 0FF </p><p>$16.98 ($3.40 / lb)</p><a href="https://www.amazon.com/dp/B09K9FDLFN?tag=eloabder-20&linkCode=osi&th=1&psc=1">View Product</a></div><div class="product"><a href="https://www.amazon.com/dp/B008NHLZ2Y?tag=eloabder-20&linkCode=osi&th=1&psc=1"><img src="https://m.media-amazon.com/images/I/51OqxCyPKTL._SL500_.jpg" alt="Product Image"></a><p>Cesar Wet Dog Food Classic Loaf in Sauce Beef Recipe, Filet Mignon, Grilled Chicken and Porterhouse Steak Variety Pack, 3.5 oz. Easy Peel Trays (24 Count, Pack of 1)</p><p> -11% 0FF </p><p>$24.94 ($1.04 / Count)</p><a href="https://www.amazon.com/dp/B008NHLZ2Y?tag=eloabder-20&linkCode=osi&th=1&psc=1">View Product</a></div><div class="product"><a href="https://www.amazon.com/dp/B00DE7WKVS?tag=eloabder-20&linkCode=osi&th=1&psc=1"><img src="https://m.media-amazon.com/images/I/514-XqvXJJL._SL500_.jpg" alt="Product Image"></a><p>Purina ONE True Instinct With A Blend Of Real Turkey and Venison Dry Dog Food - 15 lb. Bag</p><p> -9% 0FF </p><p>$32.28 ($2.15 / Pound)</p><a href="https://www.amazon.com/dp/B00DE7WKVS?tag=eloabder-20&linkCode=osi&th=1&psc=1">View Product</a></div>
<div class="product"><a href="https://www.amazon.com/dp/B007JXVR76?tag=eloabder-20&linkCode=osi&th=1&psc=1"><img src="https://m.media-amazon.com/images/I/41XRcLETtGL._SL500_.jpg" alt="Product Image"></a><p>Meow Mix Original Choice Dry Cat Food, 6.3 Pound Bag</p><p> -6% 0FF </p><p>$9.29 ($1.47 / lb)</p><a href="https://www.amazon.com/dp/B007JXVR76?tag=eloabder-20&linkCode=osi&th=1&psc=1">View Product</a></div><div class="product"><a href="https://www.amazon.com/dp/B0D9MW74TG?tag=eloabder-20&linkCode=osi&th=1&psc=1"><img src="https://m.media-amazon.com/images/I/51CSHkalU1L._SL500_.jpg" alt="Product Image"></a><p>Meow Mix Gravy Bursts Dry Cat Food, Chicken, 3 LB Bag</p><p> -16% 0FF </p><p>$5.72 ($1.91 / lb)</p><a href="https://www.amazon.com/dp/B0D9MW74TG?tag=eloabder-20&linkCode=osi&th=1&psc=1">View Product</a></div><div class="product"><a href="https://www.amazon.com/dp/B01H3OA7KI?tag=eloabder-20&linkCode=osi&th=1&psc=1"><img src="https://m.media-amazon.com/images/I/51vds1pph5L._SL500_.jpg" alt="Product Image"></a><p>Purina Cat Chow Hairball, Healthy Weight, Indoor, Natural Dry Cat Food, Naturals Indoor - 13 lb. Bag</p><p> -6% 0FF </p><p>$16.99 ($1.31 / lb)</p><a href="https://www.amazon.com/dp/B01H3OA7KI?tag=eloabder-20&linkCode=osi&th=1&psc=1">View Product</a></div><div class="product"><a href="https://www.amazon.com/dp/B01BKYFR7K?tag=eloabder-20&linkCode=osi&th=1&psc=1"><img src="https://m.media-amazon.com/images/I/41GYcHtJdcL._SL500_.jpg" alt="Product Image"></a><p>IAMS Proactive Health Indoor Weight Control & Hairball Care Adult Dry Cat Food, Chicken & Turkey Recipe, 7 lb. Bag</p><p> -11% 0FF </p><p>$16.97 ($2.42 / lb)</p><a href="https://www.amazon.com/dp/B01BKYFR7K?tag=eloabder-20&linkCode=osi&th=1&psc=1">View Product</a></div>
<div class="product"><a href="https://www.amazon.com/dp/B003PMQMK2?tag=eloabder-20&linkCode=osi&th=1&psc=1"><img src="https://m.media-amazon.com/images/I/51rKBA3bcNL._SL500_.jpg" alt="Product Image"></a><p>Milk-Bone MaroSnacks Small Dog Treats With Bone Marrow, 40 Ounce Container</p><p> -21% 0FF </p><p>$11.48 ($4.59 / lb)</p><a href="https://www.amazon.com/dp/B003PMQMK2?tag=eloabder-20&linkCode=osi&th=1&psc=1">View Product</a></div><div class="product"><a href="https://www.amazon.com/dp/B07BVL8TQF?tag=eloabder-20&linkCode=osi&th=1&psc=1"><img src="https://m.media-amazon.com/images/I/41V12A43ClL._SL500_.jpg" alt="Product Image"></a><p>Good ‘n’ Fun Triple Flavor Kabobs Chews for All Dogs, 24 Ounces, Treat Your Dog to Chews Made from Beef Hide, Real Chicken, Pork Hide, Duck and Chicken Liver</p><p> -27% 0FF </p><p>$15.98 ($10.65 / lb)</p><a href="https://www.amazon.com/dp/B07BVL8TQF?tag=eloabder-20&linkCode=osi&th=1&psc=1">View Product</a></div><div class="product"><a href="https://www.amazon.com/dp/B006HKA6II?tag=eloabder-20&linkCode=osi&th=1&psc=1"><img src="https://m.media-amazon.com/images/I/41sdmNauoVL._SL500_.jpg" alt="Product Image"></a><p>Milk-Bone Soft & Chewy Dog Treats, Beef & Filet Mignon Recipe, 25 Ounce</p><p> -7% 0FF </p><p>$14.48 ($9.27 / lb)</p><a href="https://www.amazon.com/dp/B006HKA6II?tag=eloabder-20&linkCode=osi&th=1&psc=1">View Product</a></div><div class="product"><a href="https://www.amazon.com/dp/B006W6YHHI?tag=eloabder-20&linkCode=osi&th=1&psc=1"><img src="https://m.media-amazon.com/images/I/51VcU1tm-7L._SL500_.jpg" alt="Product Image"></a><p>Greenies Original Regular Dental Dog Treats, 36 oz. Pack (36 Treats)</p><p> -8% 0FF </p><p>$36.97 ($16.43 / lb)</p><a href="https://www.amazon.com/dp/B006W6YHHI?tag=eloabder-20&linkCode=osi&th=1&psc=1">View Product</a></div><div class="product"><a href="https://www.amazon.com/dp/B07D323MFZ?tag=eloabder-20&linkCode=osi&th=1&psc=1"><img src="https://m.media-amazon.com/images/I/41OTio6+siL._SL500_.jpg" alt="Product Image"></a><p>INABA Churu Cat Treats, Grain-Free, Lickable, Squeezable Creamy Purée Cat Treat/Topper with Vitamin E & Taurine, 0.5 Ounces Each Tube, 50 Tubes, Tuna & Chicken Variety</p><p> -18% 0FF </p><p>$32.96 ($1.32 / Ounce)</p><a href="https://www.amazon.com/dp/B07D323MFZ?tag=eloabder-20&linkCode=osi&th=1&psc=1">View Product</a></div><div class="product"><a href="https://www.amazon.com/dp/B09MZDFLSV?tag=eloabder-20&linkCode=osi&th=1&psc=1"><img src="https://m.media-amazon.com/images/I/51mXUxhYDiL._SL500_.jpg" alt="Product Image"></a><p>Full Moon All Natural Human Grade Dog Treats, Essential Beef Savory Sticks, 22 Ounce, 1.375 Pound (Pack of 1)</p><p> -10% 0FF </p><p>$17.94 ($13.05 / lb)</p><a href="https://www.amazon.com/dp/B09MZDFLSV?tag=eloabder-20&linkCode=osi&th=1&psc=1">View Product</a></div><div class="product"><a href="https://www.amazon.com/dp/B07BVLGZW6?tag=eloabder-20&linkCode=osi&th=1&psc=1"><img src="https://m.media-amazon.com/images/I/51g5KoU0RiL._SL500_.jpg" alt="Product Image"></a><p>Good ‘n’ Fun Triple Flavor Wings Chews for All Dogs, 12 Ounces, Treat Your Dog to Long-Lasting Chews Made with Chicken, Pork Hide and Beef Hide</p><p> -27% 0FF </p><p>$10.48 ($13.97 / lb)</p><a href="https://www.amazon.com/dp/B07BVLGZW6?tag=eloabder-20&linkCode=osi&th=1&psc=1">View Product</a></div>
<div class="product"><a href="https://www.amazon.com/dp/B01EX0H12M?tag=eloabder-20&linkCode=osi&th=1&psc=1"><img src="https://m.media-amazon.com/images/I/41tpUtk3FGL._SL500_.jpg" alt="Product Image"></a><p>Full Moon Chicken Jerky Healthy All Natural Dog Treats Human Grade Made in USA Grain Free, 1.5 Pound (Pack of 1)</p><p> -19% 0FF </p><p>$26.44 ($17.63 / lb)</p><a href="https://www.amazon.com/dp/B01EX0H12M?tag=eloabder-20&linkCode=osi&th=1&psc=1">View Product</a></div>
<div class="product"><a href="https://www.amazon.com/dp/B07BTRHM75?tag=eloabder-20&linkCode=osi&th=1&psc=1"><img src="https://m.media-amazon.com/images/I/51yN5sax9BL._SL500_.jpg" alt="Product Image"></a><p>Delectables Bisque Lickable Wet Cat Treats - Chicken, Tuna & Shrimp, 12 count</p><p> -9% 0FF </p><p>$12.94 ($0.77 / Ounce)</p><a href="https://www.amazon.com/dp/B07BTRHM75?tag=eloabder-20&linkCode=osi&th=1&psc=1">View Product</a></div><div class="product"><a href="https://www.amazon.com/dp/B00M0FK8UU?tag=eloabder-20&linkCode=osi&th=1&psc=1"><img src="https://m.media-amazon.com/images/I/517+RuVAECL._SL500_.jpg" alt="Product Image"></a><p>Temptations MixUps Surfer's Delight Flavor Crunchy and Soft Cat Treats, 16 oz. Tub</p><p> -8% 0FF </p><p>$7.80 ($0.49 / Ounce)</p><a href="https://www.amazon.com/dp/B00M0FK8UU?tag=eloabder-20&linkCode=osi&th=1&psc=1">View Product</a></div><div class="product"><a href="https://www.amazon.com/dp/B07KGXQ1WC?tag=eloabder-20&linkCode=osi&th=1&psc=1"><img src="https://m.media-amazon.com/images/I/51lx-r6UP1L._SL500_.jpg" alt="Product Image"></a><p>Temptations Classic Crunchy and Soft Cat Treats, Shrimpy Shrimp Flavor, 16 oz. Tub</p><p> -25% 0FF </p><p>$6.36 ($0.40 / Ounce)</p><a href="https://www.amazon.com/dp/B07KGXQ1WC?tag=eloabder-20&linkCode=osi&th=1&psc=1">View Product</a></div>
<div class="product"><a href="https://www.amazon.com/dp/B0BHN7K52L?tag=eloabder-20&linkCode=osi&th=1&psc=1"><img src="https://m.media-amazon.com/images/I/41VtkP72E7L._SL500_.jpg" alt="Product Image"></a><p>Dog Toys for Aggresive Chewers - Tough,Indestructible Dog Toys for Large, Medium,Small Breed to Keep Them Busy</p><p> -38% 0FF </p><p>$9.99</p><a href="https://www.amazon.com/dp/B0BHN7K52L?tag=eloabder-20&linkCode=osi&th=1&psc=1">View Product</a></div><div class="product"><a href="https://www.amazon.com/dp/B000F4AVPA?tag=eloabder-20&linkCode=osi&th=1&psc=1"><img src="https://m.media-amazon.com/images/I/31NKTw5DUeL._SL500_.jpg" alt="Product Image"></a><p>Chuckit! Ultra Ball Dog Toy - Medium Bouncy Fetch Balls For Dogs 20-60 lbs - Made from Durable Rubber - Floating Water Pet Toys - Size Medium - 2.5-inch Diameter - Pack of 2</p><p> -35% 0FF </p><p>$7.13</p><a href="https://www.amazon.com/dp/B000F4AVPA?tag=eloabder-20&linkCode=osi&th=1&psc=1">View Product</a></div><div class="product"><a href="https://www.amazon.com/dp/B0B1LVKG8D?tag=eloabder-20&linkCode=osi&th=1&psc=1"><img src="https://m.media-amazon.com/images/I/51bjl2slJTL._SL500_.jpg" alt="Product Image"></a><p>Fuufome Large Squeaky Dog Toys- Plush Dog Toys with Soft Fabric for Small, Medium, and Large Dogs Daily Companionship, Training Reward Gift</p><p> -41% 0FF </p><p>$9.49</p><a href="https://www.amazon.com/dp/B0B1LVKG8D?tag=eloabder-20&linkCode=osi&th=1&psc=1">View Product</a></div>

<div class="product"><a href="https://www.amazon.com/dp/B01AHM6P18?tag=eloabder-20&linkCode=osi&th=1&psc=1"><img src="https://m.media-amazon.com/images/I/51z5bUF-cpL._SL500_.jpg" alt="Product Image"></a><p>Fashion's Talk Cat Toys Variety Pack for Kitty 20 Pieces</p><p> -21% 0FF </p><p>$9.49</p><a href="https://www.amazon.com/dp/B01AHM6P18?tag=eloabder-20&linkCode=osi&th=1&psc=1">View Product</a></div><div class="product"><a href="https://www.amazon.com/dp/B0DG1X5KHM?tag=eloabder-20&linkCode=osi&th=1&psc=1"><img src="https://m.media-amazon.com/images/I/31YvLOoWZsL._SL500_.jpg" alt="Product Image"></a><p>Jkanti Interactive Cat Toys for Indoor Cats,The 3rd Generation Agile Moving Cat Ball with Elastic Mesh Tail,Automatic Kitten Toys for Bored Indoor Adult Cats,Motion Activated (Orange)</p><p> -10% 0FF </p><p>$17.99</p><a href="https://www.amazon.com/dp/B0DG1X5KHM?tag=eloabder-20&linkCode=osi&th=1&psc=1">View Product</a></div><div class="product"><a href="https://www.amazon.com/dp/B0D6W8B4FM?tag=eloabder-20&linkCode=osi&th=1&psc=1"><img src="https://m.media-amazon.com/images/I/31tkIoBZ3tL._SL500_.jpg" alt="Product Image"></a><p>TBTeek Cat Toys, USB Rechargeable Kitten Toy, 3 Light Modes & 5 Adjustable Patterns, Portable Interactive Pet Dog Cat Mouse Toy for Fun Chase Play Exercise</p><p> -13% 0FF </p><p>$6.97</p><a href="https://www.amazon.com/dp/B0D6W8B4FM?tag=eloabder-20&linkCode=osi&th=1&psc=1">View Product</a></div><div class="product"><a href="https://www.amazon.com/dp/B0CZ3YD1V6?tag=eloabder-20&linkCode=osi&th=1&psc=1"><img src="https://m.media-amazon.com/images/I/41nrT5-eUfL._SL500_.jpg" alt="Product Image"></a><p>Potaroma Cat Toys Chew Ropes 3Pcs with Refillable Natural Catnip, Safe Teeth Cleaning Toy for Indoor Kittens, Interactive Cat Nip Kitty Toys for All Breeds 19.5 Inches</p><p> -42% 0FF </p><p>$7.59</p><a href="https://www.amazon.com/dp/B0CZ3YD1V6?tag=eloabder-20&linkCode=osi&th=1&psc=1">View Product</a></div><div class="product"><a href="https://www.amazon.com/dp/B09WHBG4DV?tag=eloabder-20&linkCode=osi&th=1&psc=1"><img src="https://m.media-amazon.com/images/I/41eXntBWimL._SL500_.jpg" alt="Product Image"></a><p>Potaroma Cat Toys Pillows, 3 Pack, Soft and Durable Crinkle Sound with Catnip Inside, Interactive Indoor Kitten Kicker, Promotes Kitty Exercise</p><p> -38% 0FF </p><p>$9.98</p><a href="https://www.amazon.com/dp/B09WHBG4DV?tag=eloabder-20&linkCode=osi&th=1&psc=1">View Product</a></div>
<div class="product"><a href="https://www.amazon.com/dp/B08CXGYW1Q?tag=eloabder-20&linkCode=osi&th=1&psc=1"><img src="https://m.media-amazon.com/images/I/51TwJcM8A9L._SL500_.jpg" alt="Product Image"></a><p>Bedsure Calming Dog Bed Medium Size Dog - Donut Washable Medium Pet Bed, 30 inches Anti-Slip Round Fluffy Plush Faux Fur Cat Bed, Fits up to 45 lbs Pets, Camel</p><p> -7% 0FF </p><p>$39.99</p><a href="https://www.amazon.com/dp/B08CXGYW1Q?tag=eloabder-20&linkCode=osi&th=1&psc=1">View Product</a></div><div class="product"><a href="https://www.amazon.com/dp/B0DBYVR7LH?tag=eloabder-20&linkCode=osi&th=1&psc=1"><img src="https://m.media-amazon.com/images/I/51Mdi5roe1L._SL500_.jpg" alt="Product Image"></a><p>Hoewina Dog & Cat Bed for Indoor Cats, 20in Calming Donut Bed for Puppy and Kitten, Washable Round Fluffy Pet Bed for Small Medium Dogs and Cats (Light Grey)</p><p> -18% 0FF </p><p>$9.85</p><a href="https://www.amazon.com/dp/B0DBYVR7LH?tag=eloabder-20&linkCode=osi&th=1&psc=1">View Product</a></div><div class="product"><a href="https://www.amazon.com/dp/B0FBLRWFC1?tag=eloabder-20&linkCode=osi&th=1&psc=1"><img src="https://m.media-amazon.com/images/I/41qIhp9dq7L._SL500_.jpg" alt="Product Image"></a><p>Donut Dog Bed for Small Medium Dogs Cats, 18 inch Calming Washable-Round Cozy Soft Pet Bed for Puppy and Kitten with Slip-Resistant Bottom</p><p> -50% 0FF </p><p>$9.99</p><a href="https://www.amazon.com/dp/B0FBLRWFC1?tag=eloabder-20&linkCode=osi&th=1&psc=1">View Product</a></div><div class="product"><a href="https://www.amazon.com/dp/B000TZ73EW?tag=eloabder-20&linkCode=osi&th=1&psc=1"><img src="https://m.media-amazon.com/images/I/41PrtjgWzEL._SL500_.jpg" alt="Product Image"></a><p>MidWest Homes for Pets QuietTime XXS Dog Bed – Cinnamon Faux Fur Bolster, Ultra-Soft and Machine Washable, Fits 18-Inch Crates and Carriers, for Small Dogs and Cats</p><p> -13% 0FF </p><p>$11.33</p><a href="https://www.amazon.com/dp/B000TZ73EW?tag=eloabder-20&linkCode=osi&th=1&psc=1">View Product</a></div>

<div class="product"><a href="https://www.amazon.com/dp/B07MFYSKCL?tag=eloabder-20&linkCode=osi&th=1&psc=1"><img src="https://m.media-amazon.com/images/I/41WrfqDuWpL._SL500_.jpg" alt="Product Image"></a><p>Love's cabin Round Donut Cat and Dog Cushion Bed, 20in Bed for Cats or Small Dogs, Anti-Slip & Water-Resistant Bottom, Super Soft Durable Fabric Pet Beds, Washable Luxury Cat & Dog Bed Gray</p><p> -20% 0FF </p><p>$15.99</p><a href="https://www.amazon.com/dp/B07MFYSKCL?tag=eloabder-20&linkCode=osi&th=1&psc=1">View Product</a></div><div class="product"><a href="https://www.amazon.com/dp/B08CY5VR5W?tag=eloabder-20&linkCode=osi&th=1&psc=1"><img src="https://m.media-amazon.com/images/I/51Hp7ZTQiFL._SL500_.jpg" alt="Product Image"></a><p>Bedsure Cat Beds for Indoor Cats - Large Cat Cave for Pet Cat House with Fluffy Ball Hanging and Scratch Pad, Foldable Cat Hideaway, 16.5x16.5x13 inches, Grey</p><p> -20% 0FF </p><p>$23.99</p><a href="https://www.amazon.com/dp/B08CY5VR5W?tag=eloabder-20&linkCode=osi&th=1&psc=1">View Product</a></div><div class="product"><a href="https://www.amazon.com/dp/B06XF6VH2N?tag=eloabder-20&linkCode=osi&th=1&psc=1"><img src="https://m.media-amazon.com/images/I/41+7YS2mbWL._SL500_.jpg" alt="Product Image"></a><p>Furhaven ThermaNAP Self-Warming Cat Bed for Indoor Cats & Small Dogs, Washable & Reflects Body Heat - Quilted Faux Fur Reflective Bed Mat - Gray, Small</p><p> -8% 0FF </p><p>$11.99</p><a href="https://www.amazon.com/dp/B06XF6VH2N?tag=eloabder-20&linkCode=osi&th=1&psc=1">View Product</a></div><div class="product"><a href="https://www.amazon.com/dp/B0DDKRS437?tag=eloabder-20&linkCode=osi&th=1&psc=1"><img src="https://m.media-amazon.com/images/I/31eWtW2c9JL._SL500_.jpg" alt="Product Image"></a><p>BALANCE Cat Bed Kitten Bed, Washable Round Cat Beds for Indoor Cats, Super Soft Plush Faux Fur Pet Bed for Puppy and Kitten with Anti-Slip Bottom</p><p> -21% 0FF </p><p>$28.49</p><a href="https://www.amazon.com/dp/B0DDKRS437?tag=eloabder-20&linkCode=osi&th=1&psc=1">View Product</a></div>
<div class="product"><a href="https://www.amazon.com/dp/B0BFG9Z2P9?tag=eloabder-20&linkCode=osi&th=1&psc=1"><img src="https://m.media-amazon.com/images/I/418f7l64RZL._SL500_.jpg" alt="Product Image"></a><p>Tomkas Small Dog Sling Carrier - Classic Pocket & Classic Strap - for 3-10 lbs Pets(Black)</p><p> -5% 0FF </p><p>$13.29</p><a href="https://www.amazon.com/dp/B0BFG9Z2P9?tag=eloabder-20&linkCode=osi&th=1&psc=1">View Product</a></div>
<div class="product"><a href="https://www.amazon.com/dp/B0CTF8S82M?tag=eloabder-20&linkCode=osi&th=1&psc=1"><img src="https://m.media-amazon.com/images/I/31iR7d1zNSL._SL500_.jpg" alt="Product Image"></a><p>Dog Carrier Sling - Reversible Puppy Carrier Purse with Storage Pocket, Hand-Free Dog Sling Carrier for Carry Small Dogs and Cats, Travel Safety Harness, Dog and Cat Harness(Black)</p><p> -17% 0FF </p><p>$9.99</p><a href="https://www.amazon.com/dp/B0CTF8S82M?tag=eloabder-20&linkCode=osi&th=1&psc=1">View Product</a></div><div class="product"><a href="https://www.amazon.com/dp/B09MJ131L5?tag=eloabder-20&linkCode=osi&th=1&psc=1"><img src="https://m.media-amazon.com/images/I/51vCG0gYKFL._SL500_.jpg" alt="Product Image"></a><p>GAPZER Pet Carrier for Large Cats, Soft-Sided Cat Carrier for Medium Big Cats and Puppy up to 20lbs, Washable Dog Carrier Privacy Protection for Home Outdoor Travel</p><p> -25% 0FF </p><p>$29.99</p><a href="https://www.amazon.com/dp/B09MJ131L5?tag=eloabder-20&linkCode=osi&th=1&psc=1">View Product</a></div><div class="product"><a href="https://www.amazon.com/dp/B0CGB1SRGH?tag=eloabder-20&linkCode=osi&th=1&psc=1"><img src="https://m.media-amazon.com/images/I/51x07O9JhRL._SL500_.jpg" alt="Product Image"></a><p>Soft Sided Cat/Dog Carrier,Collapsible Pets Travel Carriers for Pet/Puppy with Shoulder Strap & Removable Mat,Mesh Top Load Small Dogs/Cats Carry Bag Up to 17 Lbs TSA Airline Approved（Black,M）</p><p> -15% 0FF </p><p>$17.77 ($17.77 / Count)</p><a href="https://www.amazon.com/dp/B0CGB1SRGH?tag=eloabder-20&linkCode=osi&th=1&psc=1">View Product</a></div>

<div class="product"><a href="https://www.amazon.com/dp/B0BHYZV3HY?tag=eloabder-20&linkCode=osi&th=1&psc=1"><img src="https://m.media-amazon.com/images/I/51GsL7XYrvL._SL500_.jpg" alt="Product Image"></a><p>oneisall Dog Grooming Vacuum, Pet Grooming Vacuum with Clipper Nail Grinder, 1.5L Dust Cup Dog deshedding Vacuum Brush with 7 Pet Grooming Tools for Shedding Pet Hair, Home Cleaning(Blue)</p><p> -9% 0FF </p><p>$99.99</p><a href="https://www.amazon.com/dp/B0BHYZV3HY?tag=eloabder-20&linkCode=osi&th=1&psc=1">View Product</a></div><div class="product"><a href="https://www.amazon.com/dp/B01330IKAA?tag=eloabder-20&linkCode=osi&th=1&psc=1"><img src="https://m.media-amazon.com/images/I/31tp596fu2L._SL500_.jpg" alt="Product Image"></a><p>BioSilk for Dogs Silk Therapy Detangling Plus Shine Mist for Dogs | Best Detangling Spray for All Dogs & Puppies for Shiny Coats and Dematting | 8 Oz Bottle (Packaging May Vary)</p><p> -11% 0FF </p><p>$8.92</p><a href="https://www.amazon.com/dp/B01330IKAA?tag=eloabder-20&linkCode=osi&th=1&psc=1">View Product</a></div><div class="product"><a href="https://www.amazon.com/dp/B00VC8DQX2?tag=eloabder-20&linkCode=osi&th=1&psc=1"><img src="https://m.media-amazon.com/images/I/41o8MrUqR1L._SL500_.jpg" alt="Product Image"></a><p>SleekEZ Dog Brush for Shedding & Dog Grooming Supplies | Pet Hair Removal Tool | Great For All Fur Types | For Short, Medium, & Long Hair Pets | Reduces Shedding by 95% | Made in USA | 1 pack | 5 inch</p><p> -15% 0FF </p><p>$19.97</p><a href="https://www.amazon.com/dp/B00VC8DQX2?tag=eloabder-20&linkCode=osi&th=1&psc=1">View Product</a></div><div class="product"><a href="https://www.amazon.com/dp/B0002H3RBU?tag=eloabder-20&linkCode=osi&th=1&psc=1"><img src="https://m.media-amazon.com/images/I/41G42uu7qBL._SL500_.jpg" alt="Product Image"></a><p>Miracle Care Kwik Stop Styptic Powder For Dogs, Cats and Birds, 0.5 Ounce, Fast Acting Blood Stop Powder with Pain Relieving Benzocaine</p><p> -5% 0FF </p><p>$9.99</p><a href="https://www.amazon.com/dp/B0002H3RBU?tag=eloabder-20&linkCode=osi&th=1&psc=1">View Product</a></div><div class="product"><a href="https://www.amazon.com/dp/B0CNZB3L28?tag=eloabder-20&linkCode=osi&th=1&psc=1"><img src="https://m.media-amazon.com/images/I/41XWOVhEWmL._SL500_.jpg" alt="Product Image"></a><p>MEDUWEDU Ear Cleaner Finger Wipes 60 Counts, Dog Ear Cleaner, Grooming Kit Care for Dogs and Cats, Soft & Easy Otic Cleaning Pads, Remove Wax, Dirt & Stop Smelly, Itchy, Non-Irritating, Coconut Scent</p><p> -13% 0FF </p><p>$6.97</p><a href="https://www.amazon.com/dp/B0CNZB3L28?tag=eloabder-20&linkCode=osi&th=1&psc=1">View Product</a></div><div class="product"><a href="https://www.amazon.com/dp/B01HRSZRXM?tag=eloabder-20&linkCode=osi&th=1&psc=1"><img src="https://m.media-amazon.com/images/I/51jzCKDndHL._SL500_.jpg" alt="Product Image"></a><p>oneisall Dog Clipper Low Noise, Dog Grooming Kit with Rechargeable, Pet Shaver Cordless Electric Quiet Hair Clipper Set for Dogs Cats Pets（Gold）</p><p> -25% 0FF </p><p>$29.99</p><a href="https://www.amazon.com/dp/B01HRSZRXM?tag=eloabder-20&linkCode=osi&th=1&psc=1">View Product</a></div>
<div class="product"><a href="https://www.amazon.com/dp/B07CXQQ4Q5?tag=eloabder-20&linkCode=osi&th=1&psc=1"><img src="https://m.media-amazon.com/images/I/41fZKGIVQRL._SL500_.jpg" alt="Product Image"></a><p>PetArmor 7 Way De-Wormer for Dogs, Oral Treatment for Tapeworm, Roundworm & Hookworm in Large Dogs & Puppies (Over 25 lbs), Worm Remover (Praziquantel & Pyrantel Pamoate), 2 Flavored Chewables</p><p> -10% 0FF </p><p>$18.00 ($9.00 / Count)</p><a href="https://www.amazon.com/dp/B07CXQQ4Q5?tag=eloabder-20&linkCode=osi&th=1&psc=1">View Product</a></div><div class="product"><a href="https://www.amazon.com/dp/B000O5DHT2?tag=eloabder-20&linkCode=osi&th=1&psc=1"><img src="https://m.media-amazon.com/images/I/41Am2odDJjL._SL500_.jpg" alt="Product Image"></a><p>Merial Zimecterin Gold Dewormer Paste for Horses, 7.35gm (Packaging May Vary)</p><p> -20% 0FF </p><p>$16.69</p><a href="https://www.amazon.com/dp/B000O5DHT2?tag=eloabder-20&linkCode=osi&th=1&psc=1">View Product</a></div><div class="product"><a href="https://www.amazon.com/dp/B078YCWFKK?tag=eloabder-20&linkCode=osi&th=1&psc=1"><img src="https://m.media-amazon.com/images/I/41+lFxJHMCL._SL500_.jpg" alt="Product Image"></a><p>Durvet 2251171 Wormer-Double Strength Liquid Dog</p><p> -8% 0FF </p><p>$27.78</p><a href="https://www.amazon.com/dp/B078YCWFKK?tag=eloabder-20&linkCode=osi&th=1&psc=1">View Product</a></div>
<div class="product"><a href="https://www.amazon.com/dp/B0BR5VST5N?tag=eloabder-20&linkCode=osi&th=1&psc=1"><img src="https://m.media-amazon.com/images/I/31smh+Fyk0L._SL500_.jpg" alt="Product Image"></a><p>IMIPAW Automatic Cat Feeders, 3L Timed Cat Dry Food Dispenser, Dual Power Supply, Programmable Portion Size, Auto Pet Feeder for Cats and Small Dogs</p><p> -28% 0FF </p><p>$25.99</p><a href="https://www.amazon.com/dp/B0BR5VST5N?tag=eloabder-20&linkCode=osi&th=1&psc=1">View Product</a></div><div class="product"><a href="https://www.amazon.com/dp/B0DF7H6SGZ?tag=eloabder-20&linkCode=osi&th=1&psc=1"><img src="https://m.media-amazon.com/images/I/41kiwgcXNWL._SL500_.jpg" alt="Product Image"></a><p>Automatic Cat Feeder, 4L Cat Food Dispenser with 10s Voice Recorder, Pet Feeder up to 8 Meals per Day, Timed Dog Feeder with Dry Food Sealed Ring (White, 4L-Basic)</p><p> -18% 0FF </p><p>$22.09</p><a href="https://www.amazon.com/dp/B0DF7H6SGZ?tag=eloabder-20&linkCode=osi&th=1&psc=1">View Product</a></div><div class="product"><a href="https://www.amazon.com/dp/B0DQLJJ5XT?tag=eloabder-20&linkCode=osi&th=1&psc=1"><img src="https://m.media-amazon.com/images/I/31AWcXWoThL._SL500_.jpg" alt="Product Image"></a><p>Dual Automatic Cat Feeder 2 Cats,6 Meals/Day,12 Portions/Meal,4.2L Dual Power Double Bowls Feeder,Dry Food Auto Pet Dispenser,10S Voice Record,Flexible Schedule Timer (Black,Stainless Dual Bowls)</p><p> -39% 0FF </p><p>$29.99</p><a href="https://www.amazon.com/dp/B0DQLJJ5XT?tag=eloabder-20&linkCode=osi&th=1&psc=1">View Product</a></div><div class="product"><a href="https://www.amazon.com/dp/B0DMFGFQ39?tag=eloabder-20&linkCode=osi&th=1&psc=1"><img src="https://m.media-amazon.com/images/I/31uwj+gO+sL._SL500_.jpg" alt="Product Image"></a><p>ZOMISIA Gravity Cat Feeder and Water Dispenser, 2 in 1 Cat Self Feeder with 180 Degree Rotatable, 2 Pack Automatic Feeding Large Capacity for Small Medium Dog Puppy Kitten, Black, 0.8 Gallon x 2</p><p> -21% 0FF </p><p>$28.49</p><a href="https://www.amazon.com/dp/B0DMFGFQ39?tag=eloabder-20&linkCode=osi&th=1&psc=1">View Product</a></div><div class="product"><a href="https://www.amazon.com/dp/B09S8WMJY9?tag=eloabder-20&linkCode=osi&th=1&psc=1"><img src="https://m.media-amazon.com/images/I/41BhIBNEoGL._SL500_.jpg" alt="Product Image"></a><p>PETLIBRO Automatic Cat Feeder, 5G WiFi Automatic Dog Food Dispenser with Freshness Preservation, 5L Timed Pet Feeder with Low Food Sensor, Up to 10 Meals Per Day, Granary Black</p><p> -30% 0FF </p><p>$69.99</p><a href="https://www.amazon.com/dp/B09S8WMJY9?tag=eloabder-20&linkCode=osi&th=1&psc=1">View Product</a></div><div class="product"><a href="https://www.amazon.com/dp/B0F1MQQ2S3?tag=eloabder-20&linkCode=osi&th=1&psc=1"><img src="https://m.media-amazon.com/images/I/41jCkjw2PhL._SL500_.jpg" alt="Product Image"></a><p>HoneyGuaridan Automatic Cat Feeder for Two Cats, Food Dispenser with Stainless Steel Bowl,Timed Cat Feeder Programmable 1-6 Meals Control, Dual Power Supply,10s Meal Call Black</p><p> -15% 0FF </p><p>$46.99</p><a href="https://www.amazon.com/dp/B0F1MQQ2S3?tag=eloabder-20&linkCode=osi&th=1&psc=1">View Product</a></div>
<div class="product"><a href="https://www.amazon.com/dp/B0C4TF7Z92?tag=eloabder-20&linkCode=osi&th=1&psc=1"><img src="https://m.media-amazon.com/images/I/51I2UG6QOyL._SL500_.jpg" alt="Product Image"></a><p>NEEZUKAR Dog Car Seat for Small Medium Dogs,Detachable Washable Dog Booster Seat Under 30lbs, Pet Car Seat Travel Bed with Storage Pockets and Dog Safety Belt (Black)</p><p> -10% 0FF </p><p>$44.99 ($44.99 / Count)</p><a href="https://www.amazon.com/dp/B0C4TF7Z92?tag=eloabder-20&linkCode=osi&th=1&psc=1">View Product</a></div><div class="product"><a href="https://www.amazon.com/dp/B0CB2S7PVV?tag=eloabder-20&linkCode=osi&th=1&psc=1"><img src="https://m.media-amazon.com/images/I/51+FMM25wiL._SL500_.jpg" alt="Product Image"></a><p>Dog Car Seat - Memory Foam Dog Booster Seat for Small Dogs Up to 25lbs-Elevated Pet Car Seat with Storage Pockets and Dog Seat Belt-Soft Pet Travel Bed for Front & Back Seats-Removable Washable-Grey</p><p> -28% 0FF </p><p>$35.97 ($0.45 / Count)</p><a href="https://www.amazon.com/dp/B0CB2S7PVV?tag=eloabder-20&linkCode=osi&th=1&psc=1">View Product</a></div><div class="product"><a href="https://www.amazon.com/dp/B0B8VF4MW1?tag=eloabder-20&linkCode=osi&th=1&psc=1"><img src="https://m.media-amazon.com/images/I/51sbdmnFJwL._SL500_.jpg" alt="Product Image"></a><p>PETSFIT Dog Car Seats for Small Dogs, Patent Safe Buckles Dog Booster Car Seat, Cat Cars Seat with Safety Belt, Suitable for Small Pets Up to 25lbs (Grey)</p><p> -9% 0FF </p><p>$35.97</p><a href="https://www.amazon.com/dp/B0B8VF4MW1?tag=eloabder-20&linkCode=osi&th=1&psc=1">View Product</a></div><div class="product"><a href="https://www.amazon.com/dp/B0C811NJ98?tag=eloabder-20&linkCode=osi&th=1&psc=1"><img src="https://m.media-amazon.com/images/I/51MjeG4jB6L._SL500_.jpg" alt="Product Image"></a><p>SlowTon Console Dog Car Seat - Portable Dogs Armrest Booster Seat for Small Dog, Anti-Collapse Pet Car Seat with Soft Cushion Safety Belt, Support Pet Up to 11lbs (Black)</p><p> -5% 0FF </p><p>$37.89 ($37.89 / Count)</p><a href="https://www.amazon.com/dp/B0C811NJ98?tag=eloabder-20&linkCode=osi&th=1&psc=1">View Product</a></div><div class="product"><a href="https://www.amazon.com/dp/B0D2D2T38B?tag=eloabder-20&linkCode=osi&th=1&psc=1"><img src="https://m.media-amazon.com/images/I/41rFustc3hL._SL500_.jpg" alt="Product Image"></a><p>HEGGCOOE Small Dog Car Seat, Memory Foam Dog Booster Car Seats with Thick Cushion for Medium Dogs Under 35lbs, Detachable Washable Dog Bed for Car, Pet Carseat with Storage Pockets,2 Safety Belts</p><p> -15% 0FF </p><p>$58.63</p><a href="https://www.amazon.com/dp/B0D2D2T38B?tag=eloabder-20&linkCode=osi&th=1&psc=1">View Product</a></div>
<div class="product"><a href="https://www.amazon.com/dp/B0D6Z4L6BW?tag=eloabder-20&linkCode=osi&th=1&psc=1"><img src="https://m.media-amazon.com/images/I/515L+bqRRKL._SL500_.jpg" alt="Product Image"></a><p>Tractive Smart Dog GPS Tracker | Live Pet Tracker with Virtual Fence | Vital Signs Monitoring of Heart & Respiratory Rate | Bark Monitoring | Dog Collar Attachment (Black)</p><p> -40% 0FF </p><p>$41.40</p><a href="https://www.amazon.com/dp/B0D6Z4L6BW?tag=eloabder-20&linkCode=osi&th=1&psc=1">View Product</a></div><div class="product"><a href="https://www.amazon.com/dp/B0C75D8QZ9?tag=eloabder-20&linkCode=osi&th=1&psc=1"><img src="https://m.media-amazon.com/images/I/51RJI30GT5L._SL500_.jpg" alt="Product Image"></a><p>Tractive Smart Cat GPS Tracker | Real-Time Location & Wellness Monitoring for Cats 6.5 lbs+ | Territory & Location History | Up to 5-Day Battery | Breakaway Collar Included (Dark Blue)</p><p> -14% 0FF </p><p>$29.40</p><a href="https://www.amazon.com/dp/B0C75D8QZ9?tag=eloabder-20&linkCode=osi&th=1&psc=1">View Product</a></div><div class="product"><a href="https://www.amazon.com/dp/B0C2C5LP16?tag=eloabder-20&linkCode=osi&th=1&psc=1"><img src="https://m.media-amazon.com/images/I/41nG8vcAwrL._SL500_.jpg" alt="Product Image"></a><p>Tractive XL Smart Dog GPS Tracker | Live Pet Tracker with Virtual Fence | Vital Signs Monitoring of Heart & Respiratory Rate | Up to 1-Month Battery Life | Dog Collar Attachment (Green)</p><p> -41% 0FF </p><p>$41.40</p><a href="https://www.amazon.com/dp/B0C2C5LP16?tag=eloabder-20&linkCode=osi&th=1&psc=1">View Product</a></div>
<div class="product"><a href="https://www.amazon.com/dp/B0BJZMBBQM?tag=eloabder-20&linkCode=osi&th=1&psc=1"><img src="https://m.media-amazon.com/images/I/41XUAqCwkyL._SL500_.jpg" alt="Product Image"></a><p>Potaroma Cat Toys Flapping Bird (No Flying), Lifelike Sandpiper Chirp Tweet, Rechargeable Touch Activated Kitten Toy Interactive Cat Exercise Toys for All Breeds Cat Kicker Catnip Toys 4.0"</p><p> -10% 0FF </p><p>$17.98</p><a href="https://www.amazon.com/dp/B0BJZMBBQM?tag=eloabder-20&linkCode=osi&th=1&psc=1">View Product</a></div><div class="product"><a href="https://www.amazon.com/dp/B0D4V9V39Y?tag=eloabder-20&linkCode=osi&th=1&psc=1"><img src="https://m.media-amazon.com/images/I/41g+ya1722L._SL500_.jpg" alt="Product Image"></a><p>BoYoYo Interactive Dog Puzzle Toys for Boredom, Dogs Enrichment Toy to Keep Them Busy, Treat Dispensing Slow Feeder</p><p> -19% 0FF </p><p>$12.99</p><a href="https://www.amazon.com/dp/B0D4V9V39Y?tag=eloabder-20&linkCode=osi&th=1&psc=1">View Product</a></div>
<div class="product"><a href="https://www.amazon.com/dp/B0CVR38NWQ?tag=eloabder-20&linkCode=osi&th=1&psc=1"><img src="https://m.media-amazon.com/images/I/41Vuz0-BN3L._SL500_.jpg" alt="Product Image"></a><p>IRIS USA Dog Food Storage Container, 10 Pound, Airtight Seal and Buckle, Easy 1 Hand Opening Hinged Lid, Versatile, Space Saving Compact Size, Pearl/Black</p><p> -25% 0FF </p><p>$14.99</p><a href="https://www.amazon.com/dp/B0CVR38NWQ?tag=eloabder-20&linkCode=osi&th=1&psc=1">View Product</a></div>
<div class="product"><a href="https://www.amazon.com/dp/B07SB22JNX?tag=eloabder-20&linkCode=osi&th=1&psc=1"><img src="https://m.media-amazon.com/images/I/41LcLbaDSXL._SL500_.jpg" alt="Product Image"></a><p>EBPP Dog Sunscreen Sun Skin Protector Spray 8 fl oz - Safe for All Breeds with No Zinc Oxide - Pet Protection and Moisturizer for Skin, Coat, Nose, Ears</p><p> -20% 0FF </p><p>$15.16 ($1.90 / Fl Oz)</p><a href="https://www.amazon.com/dp/B07SB22JNX?tag=eloabder-20&linkCode=osi&th=1&psc=1">View Product</a></div><div class="product"><a href="https://www.amazon.com/dp/B0F1Y7WTCG?tag=eloabder-20&linkCode=osi&th=1&psc=1"><img src="https://m.media-amazon.com/images/I/41QOkyjA7KL._SL500_.jpg" alt="Product Image"></a><p>Noseprint SPF 50 Sun Protection Balm For Pets 30 ML in Tin | Moisturising Sunscreen For Dogs And Cat Non-Toxic Formula Nose and Dog Paw Balm Sunblock Cream | puppy Sun Protection</p><p> -10% 0FF </p><p>$8.99 ($8.50 / Ounce)</p><a href="https://www.amazon.com/dp/B0F1Y7WTCG?tag=eloabder-20&linkCode=osi&th=1&psc=1">View Product</a></div><div class="product"><a href="https://www.amazon.com/dp/B0F2B31RQ4?tag=eloabder-20&linkCode=osi&th=1&psc=1"><img src="https://m.media-amazon.com/images/I/51wf3WZ0a2L._SL500_.jpg" alt="Product Image"></a><p>Handy Hound SnoutScreen Dog Paw Balm and All-Natural Dog Nose Balm for Dry, Cracked Skin, Dog Itching Skin Relief, Dog Sunscreen, Vet Recommended, Made in USA, Protects Against UVB and UVC Rays, 1 oz</p><p> -23% 0FF </p><p>$9.99</p><a href="https://www.amazon.com/dp/B0F2B31RQ4?tag=eloabder-20&linkCode=osi&th=1&psc=1">View Product</a></div><div class="product"><a href="https://www.amazon.com/dp/B0FH6TBWCZ?tag=eloabder-20&linkCode=osi&th=1&psc=1"><img src="https://m.media-amazon.com/images/I/518O0j+AFzL._SL500_.jpg" alt="Product Image"></a><p>Frozen Lemon Lab Pack of 2 Pet Sunscreen Balm SPF 50 – 30ml Each – Dog & Cat Sunblock for Nose, Ears & Skin – Safe, Non-Toxic, Zinc-Free Sun Protection for Pets – Water Resistant Sun Cream</p><p> -9% 0FF </p><p>$14.50 ($7.25 / Count)</p><a href="https://www.amazon.com/dp/B0FH6TBWCZ?tag=eloabder-20&linkCode=osi&th=1&psc=1">View Product</a></div>
<div class="product"><a href="https://www.amazon.com/dp/B08ML4GK1M?tag=eloabder-20&linkCode=osi&th=1&psc=1"><img src="https://m.media-amazon.com/images/I/513Nm4JMC-L._SL500_.jpg" alt="Product Image"></a><p>ANWA Adjustable Cat Cone Collar Soft, Cute Cat Donut Collar After Surgery, Kitten Recovery Cones to Stop Licking</p><p> -11% 0FF </p><p>$16.99 ($16.99 / Count)</p><a href="https://www.amazon.com/dp/B08ML4GK1M?tag=eloabder-20&linkCode=osi&th=1&psc=1">View Product</a></div><div class="product"><a href="https://www.amazon.com/dp/B08MC9VXZ6?tag=eloabder-20&linkCode=osi&th=1&psc=1"><img src="https://m.media-amazon.com/images/I/51oXFq7DatL._SL500_.jpg" alt="Product Image"></a><p>12 Pack Reflective-Breakaway Cat Collars with Bells,Safety Buckle Kitten Collar, with Name Tag, Adjustable,Ideal for Girl Cats Male Cats,Pet Supplies,Stuff,Accessories(12 Colors & 2 ID Tags)</p><p> -40% 0FF </p><p>$8.97</p><a href="https://www.amazon.com/dp/B08MC9VXZ6?tag=eloabder-20&linkCode=osi&th=1&psc=1">View Product</a></div><div class="product"><a href="https://www.amazon.com/dp/B0FP8M75GT?tag=eloabder-20&linkCode=osi&th=1&psc=1"><img src="https://m.media-amazon.com/images/I/51LGdqntO5L._SL500_.jpg" alt="Product Image"></a><p>3 Pack Halloween Cat Collar with Detachable Bow Tie & Bell - Breakaway Adjustable Kitten Collars with Skull Gothic Bat Spider Web Pattern for Indoor Outdoor Cats (White, Pink, Black)</p><p> -15% 0FF </p><p>$10.99</p><a href="https://www.amazon.com/dp/B0FP8M75GT?tag=eloabder-20&linkCode=osi&th=1&psc=1">View Product</a></div>

<div class="product"><a href="https://www.amazon.com/dp/B0FJ2NPL47?tag=eloabder-20&linkCode=osi&th=1&psc=1"><img src="https://m.media-amazon.com/images/I/51TDSHRvQDL._SL500_.jpg" alt="Product Image"></a><p>Pet Hair Removal Glove for Dogs & Cats, Newly Upgraded Reusable Electrostatic Pet Hair Gloves, Pet Hair Remover Tool for Clothing, Couch, Carpet, Car Seat</p><p> -15% 0FF </p><p>$16.99</p><a href="https://www.amazon.com/dp/B0FJ2NPL47?tag=eloabder-20&linkCode=osi&th=1&psc=1">View Product</a></div><div class="product"><a href="https://www.amazon.com/dp/B0DMWBS87F?tag=eloabder-20&linkCode=osi&th=1&psc=1"><img src="https://m.media-amazon.com/images/I/51Q8Cx4sNWL._SL500_.jpg" alt="Product Image"></a><p>Paw Science Dog Eye Wipes - Hypoallergenic Eye & Face Wipes for Dogs, Cats, & Puppy - Pet Tear Stain Remover & Cleaner - Gently Cleans & Removes Discharge, Crust, & Gunk (Coconut)</p><p> -36% 0FF </p><p>$8.99 ($0.09 / Count)</p><a href="https://www.amazon.com/dp/B0DMWBS87F?tag=eloabder-20&linkCode=osi&th=1&psc=1">View Product</a></div><div class="product"><a href="https://www.amazon.com/dp/B0FH6PZ6RZ?tag=eloabder-20&linkCode=osi&th=1&psc=1"><img src="https://m.media-amazon.com/images/I/414hJ-w970L._SL500_.jpg" alt="Product Image"></a><p>Dog Nail Grinder with 2 LED Lights Powerful 2 Speeds Super Quiet Dog Nail Trimmers with 3 Grinding Wheels Rechargeable Pet Dog Nail Clippers for Large Medium Puppy Dogs Nail File Cat Nail Clipper Blue</p><p> -5% 0FF </p><p>$18.99</p><a href="https://www.amazon.com/dp/B0FH6PZ6RZ?tag=eloabder-20&linkCode=osi&th=1&psc=1">View Product</a></div><div class="product"><a href="https://www.amazon.com/dp/B0FD9MGDKV?tag=eloabder-20&linkCode=osi&th=1&psc=1"><img src="https://m.media-amazon.com/images/I/51XGj6QgMcL._SL500_.jpg" alt="Product Image"></a><p>Pet Hair Removal Glove for Cats & Dogs, Upgraded Five-Finger Electrostatic Pet Hair Gloves, Reusable Magic Brush Pet Hair Remover Tool for Laundry, Couch, Carpet, Car Seat</p><p> -19% 0FF </p><p>$16.17</p><a href="https://www.amazon.com/dp/B0FD9MGDKV?tag=eloabder-20&linkCode=osi&th=1&psc=1">View Product</a></div>
<div class="product"><a href="https://www.amazon.com/dp/B09K8YYVWV?tag=eloabder-20&linkCode=osi&th=1&psc=1"><img src="https://m.media-amazon.com/images/I/4123dxF1ijL._SL500_.jpg" alt="Product Image"></a><p>Blue Buffalo Life Protection Formula Natural Adult Dry Dog Food, Chicken and Brown Rice 5-lb Trial Size Bag</p><p> -17% 0FF </p><p>$14.98 ($3.00 / lb)</p><a href="https://www.amazon.com/dp/B09K8YYVWV?tag=eloabder-20&linkCode=osi&th=1&psc=1">View Product</a></div><div class="product"><a href="https://www.amazon.com/dp/B0000AH3QT?tag=eloabder-20&linkCode=osi&th=1&psc=1"><img src="https://m.media-amazon.com/images/I/41FXHOzdCWL._SL500_.jpg" alt="Product Image"></a><p>Purina ONE Chicken and Rice Formula Dry Dog Food - 8 lb. Bag</p><p> -9% 0FF </p><p>$16.28 ($2.04 / Pound)</p><a href="https://www.amazon.com/dp/B0000AH3QT?tag=eloabder-20&linkCode=osi&th=1&psc=1">View Product</a></div><div class="product"><a href="https://www.amazon.com/dp/B0000AH3QW?tag=eloabder-20&linkCode=osi&th=1&psc=1"><img src="https://m.media-amazon.com/images/I/41jXsOOPPtL._SL500_.jpg" alt="Product Image"></a><p>Purina ONE Dry Dog Food Lamb and Rice Formula - 8 lb. Bag</p><p> -9% 0FF </p><p>$16.28 ($2.04 / pound)</p><a href="https://www.amazon.com/dp/B0000AH3QW?tag=eloabder-20&linkCode=osi&th=1&psc=1">View Product</a></div><div class="product"><a href="https://www.amazon.com/dp/B09K9FDLFN?tag=eloabder-20&linkCode=osi&th=1&psc=1"><img src="https://m.media-amazon.com/images/I/41fn4P3zY0L._SL500_.jpg" alt="Product Image"></a><p>Blue Buffalo Life Protection Formula Natural Adult Small Breed Dry Dog Food, Chicken and Brown Rice 5-lb Trial Size Bag</p><p> -15% 0FF </p><p>$16.98 ($3.40 / lb)</p><a href="https://www.amazon.com/dp/B09K9FDLFN?tag=eloabder-20&linkCode=osi&th=1&psc=1">View Product</a></div><div class="product"><a href="https://www.amazon.com/dp/B008NHLZ2Y?tag=eloabder-20&linkCode=osi&th=1&psc=1"><img src="https://m.media-amazon.com/images/I/51OqxCyPKTL._SL500_.jpg" alt="Product Image"></a><p>Cesar Wet Dog Food Classic Loaf in Sauce Beef Recipe, Filet Mignon, Grilled Chicken and Porterhouse Steak Variety Pack, 3.5 oz. Easy Peel Trays (24 Count, Pack of 1)</p><p> -11% 0FF </p><p>$24.94 ($1.04 / Count)</p><a href="https://www.amazon.com/dp/B008NHLZ2Y?tag=eloabder-20&linkCode=osi&th=1&psc=1">View Product</a></div><div class="product"><a href="https://www.amazon.com/dp/B00DE7WKVS?tag=eloabder-20&linkCode=osi&th=1&psc=1"><img src="https://m.media-amazon.com/images/I/514-XqvXJJL._SL500_.jpg" alt="Product Image"></a><p>Purina ONE True Instinct With A Blend Of Real Turkey and Venison Dry Dog Food - 15 lb. Bag</p><p> -9% 0FF </p><p>$32.28 ($2.15 / Pound)</p><a href="https://www.amazon.com/dp/B00DE7WKVS?tag=eloabder-20&linkCode=osi&th=1&psc=1">View Product</a></div>
<div class="product"><a href="https://www.amazon.com/dp/B007JXVR76?tag=eloabder-20&linkCode=osi&th=1&psc=1"><img src="https://m.media-amazon.com/images/I/41XRcLETtGL._SL500_.jpg" alt="Product Image"></a><p>Meow Mix Original Choice Dry Cat Food, 6.3 Pound Bag</p><p> -6% 0FF </p><p>$9.29 ($1.47 / lb)</p><a href="https://www.amazon.com/dp/B007JXVR76?tag=eloabder-20&linkCode=osi&th=1&psc=1">View Product</a></div><div class="product"><a href="https://www.amazon.com/dp/B0D9MW74TG?tag=eloabder-20&linkCode=osi&th=1&psc=1"><img src="https://m.media-amazon.com/images/I/51CSHkalU1L._SL500_.jpg" alt="Product Image"></a><p>Meow Mix Gravy Bursts Dry Cat Food, Chicken, 3 LB Bag</p><p> -16% 0FF </p><p>$5.72 ($1.91 / lb)</p><a href="https://www.amazon.com/dp/B0D9MW74TG?tag=eloabder-20&linkCode=osi&th=1&psc=1">View Product</a></div><div class="product"><a href="https://www.amazon.com/dp/B01H3OA7KI?tag=eloabder-20&linkCode=osi&th=1&psc=1"><img src="https://m.media-amazon.com/images/I/51vds1pph5L._SL500_.jpg" alt="Product Image"></a><p>Purina Cat Chow Hairball, Healthy Weight, Indoor, Natural Dry Cat Food, Naturals Indoor - 13 lb. Bag</p><p> -6% 0FF </p><p>$16.99 ($1.31 / lb)</p><a href="https://www.amazon.com/dp/B01H3OA7KI?tag=eloabder-20&linkCode=osi&th=1&psc=1">View Product</a></div><div class="product"><a href="https://www.amazon.com/dp/B01BKYFR7K?tag=eloabder-20&linkCode=osi&th=1&psc=1"><img src="https://m.media-amazon.com/images/I/41GYcHtJdcL._SL500_.jpg" alt="Product Image"></a><p>IAMS Proactive Health Indoor Weight Control & Hairball Care Adult Dry Cat Food, Chicken & Turkey Recipe, 7 lb. Bag</p><p> -11% 0FF </p><p>$16.97 ($2.42 / lb)</p><a href="https://www.amazon.com/dp/B01BKYFR7K?tag=eloabder-20&linkCode=osi&th=1&psc=1">View Product</a></div>
<div class="product"><a href="https://www.amazon.com/dp/B003PMQMK2?tag=eloabder-20&linkCode=osi&th=1&psc=1"><img src="https://m.media-amazon.com/images/I/51rKBA3bcNL._SL500_.jpg" alt="Product Image"></a><p>Milk-Bone MaroSnacks Small Dog Treats With Bone Marrow, 40 Ounce Container</p><p> -21% 0FF </p><p>$11.48 ($4.59 / lb)</p><a href="https://www.amazon.com/dp/B003PMQMK2?tag=eloabder-20&linkCode=osi&th=1&psc=1">View Product</a></div><div class="product"><a href="https://www.amazon.com/dp/B07BVL8TQF?tag=eloabder-20&linkCode=osi&th=1&psc=1"><img src="https://m.media-amazon.com/images/I/41V12A43ClL._SL500_.jpg" alt="Product Image"></a><p>Good ‘n’ Fun Triple Flavor Kabobs Chews for All Dogs, 24 Ounces, Treat Your Dog to Chews Made from Beef Hide, Real Chicken, Pork Hide, Duck and Chicken Liver</p><p> -27% 0FF </p><p>$15.98 ($10.65 / lb)</p><a href="https://www.amazon.com/dp/B07BVL8TQF?tag=eloabder-20&linkCode=osi&th=1&psc=1">View Product</a></div><div class="product"><a href="https://www.amazon.com/dp/B006HKA6II?tag=eloabder-20&linkCode=osi&th=1&psc=1"><img src="https://m.media-amazon.com/images/I/41sdmNauoVL._SL500_.jpg" alt="Product Image"></a><p>Milk-Bone Soft & Chewy Dog Treats, Beef & Filet Mignon Recipe, 25 Ounce</p><p> -7% 0FF </p><p>$14.48 ($9.27 / lb)</p><a href="https://www.amazon.com/dp/B006HKA6II?tag=eloabder-20&linkCode=osi&th=1&psc=1">View Product</a></div><div class="product"><a href="https://www.amazon.com/dp/B006W6YHHI?tag=eloabder-20&linkCode=osi&th=1&psc=1"><img src="https://m.media-amazon.com/images/I/51VcU1tm-7L._SL500_.jpg" alt="Product Image"></a><p>Greenies Original Regular Dental Dog Treats, 36 oz. Pack (36 Treats)</p><p> -8% 0FF </p><p>$36.97 ($16.43 / lb)</p><a href="https://www.amazon.com/dp/B006W6YHHI?tag=eloabder-20&linkCode=osi&th=1&psc=1">View Product</a></div><div class="product"><a href="https://www.amazon.com/dp/B07D323MFZ?tag=eloabder-20&linkCode=osi&th=1&psc=1"><img src="https://m.media-amazon.com/images/I/41OTio6+siL._SL500_.jpg" alt="Product Image"></a><p>INABA Churu Cat Treats, Grain-Free, Lickable, Squeezable Creamy Purée Cat Treat/Topper with Vitamin E & Taurine, 0.5 Ounces Each Tube, 50 Tubes, Tuna & Chicken Variety</p><p> -18% 0FF </p><p>$32.96 ($1.32 / Ounce)</p><a href="https://www.amazon.com/dp/B07D323MFZ?tag=eloabder-20&linkCode=osi&th=1&psc=1">View Product</a></div><div class="product"><a href="https://www.amazon.com/dp/B09MZDFLSV?tag=eloabder-20&linkCode=osi&th=1&psc=1"><img src="https://m.media-amazon.com/images/I/51mXUxhYDiL._SL500_.jpg" alt="Product Image"></a><p>Full Moon All Natural Human Grade Dog Treats, Essential Beef Savory Sticks, 22 Ounce, 1.375 Pound (Pack of 1)</p><p> -10% 0FF </p><p>$17.94 ($13.05 / lb)</p><a href="https://www.amazon.com/dp/B09MZDFLSV?tag=eloabder-20&linkCode=osi&th=1&psc=1">View Product</a></div><div class="product"><a href="https://www.amazon.com/dp/B07BVLGZW6?tag=eloabder-20&linkCode=osi&th=1&psc=1"><img src="https://m.media-amazon.com/images/I/51g5KoU0RiL._SL500_.jpg" alt="Product Image"></a><p>Good ‘n’ Fun Triple Flavor Wings Chews for All Dogs, 12 Ounces, Treat Your Dog to Long-Lasting Chews Made with Chicken, Pork Hide and Beef Hide</p><p> -27% 0FF </p><p>$10.48 ($13.97 / lb)</p><a href="https://www.amazon.com/dp/B07BVLGZW6?tag=eloabder-20&linkCode=osi&th=1&psc=1">View Product</a></div>
<div class="product"><a href="https://www.amazon.com/dp/B01EX0H12M?tag=eloabder-20&linkCode=osi&th=1&psc=1"><img src="https://m.media-amazon.com/images/I/41tpUtk3FGL._SL500_.jpg" alt="Product Image"></a><p>Full Moon Chicken Jerky Healthy All Natural Dog Treats Human Grade Made in USA Grain Free, 1.5 Pound (Pack of 1)</p><p> -19% 0FF </p><p>$26.44 ($17.63 / lb)</p><a href="https://www.amazon.com/dp/B01EX0H12M?tag=eloabder-20&linkCode=osi&th=1&psc=1">View Product</a></div>
<div class="product"><a href="https://www.amazon.com/dp/B07BTRHM75?tag=eloabder-20&linkCode=osi&th=1&psc=1"><img src="https://m.media-amazon.com/images/I/51yN5sax9BL._SL500_.jpg" alt="Product Image"></a><p>Delectables Bisque Lickable Wet Cat Treats - Chicken, Tuna & Shrimp, 12 count</p><p> -9% 0FF </p><p>$12.94 ($0.77 / Ounce)</p><a href="https://www.amazon.com/dp/B07BTRHM75?tag=eloabder-20&linkCode=osi&th=1&psc=1">View Product</a></div><div class="product"><a href="https://www.amazon.com/dp/B00M0FK8UU?tag=eloabder-20&linkCode=osi&th=1&psc=1"><img src="https://m.media-amazon.com/images/I/517+RuVAECL._SL500_.jpg" alt="Product Image"></a><p>Temptations MixUps Surfer's Delight Flavor Crunchy and Soft Cat Treats, 16 oz. Tub</p><p> -8% 0FF </p><p>$7.80 ($0.49 / Ounce)</p><a href="https://www.amazon.com/dp/B00M0FK8UU?tag=eloabder-20&linkCode=osi&th=1&psc=1">View Product</a></div><div class="product"><a href="https://www.amazon.com/dp/B07KGXQ1WC?tag=eloabder-20&linkCode=osi&th=1&psc=1"><img src="https://m.media-amazon.com/images/I/51lx-r6UP1L._SL500_.jpg" alt="Product Image"></a><p>Temptations Classic Crunchy and Soft Cat Treats, Shrimpy Shrimp Flavor, 16 oz. Tub</p><p> -25% 0FF </p><p>$6.36 ($0.40 / Ounce)</p><a href="https://www.amazon.com/dp/B07KGXQ1WC?tag=eloabder-20&linkCode=osi&th=1&psc=1">View Product</a></div>
<div class="product"><a href="https://www.amazon.com/dp/B0BHN7K52L?tag=eloabder-20&linkCode=osi&th=1&psc=1"><img src="https://m.media-amazon.com/images/I/41VtkP72E7L._SL500_.jpg" alt="Product Image"></a><p>Dog Toys for Aggresive Chewers - Tough,Indestructible Dog Toys for Large, Medium,Small Breed to Keep Them Busy</p><p> -38% 0FF </p><p>$9.99</p><a href="https://www.amazon.com/dp/B0BHN7K52L?tag=eloabder-20&linkCode=osi&th=1&psc=1">View Product</a></div><div class="product"><a href="https://www.amazon.com/dp/B000F4AVPA?tag=eloabder-20&linkCode=osi&th=1&psc=1"><img src="https://m.media-amazon.com/images/I/31NKTw5DUeL._SL500_.jpg" alt="Product Image"></a><p>Chuckit! Ultra Ball Dog Toy - Medium Bouncy Fetch Balls For Dogs 20-60 lbs - Made from Durable Rubber - Floating Water Pet Toys - Size Medium - 2.5-inch Diameter - Pack of 2</p><p> -35% 0FF </p><p>$7.13</p><a href="https://www.amazon.com/dp/B000F4AVPA?tag=eloabder-20&linkCode=osi&th=1&psc=1">View Product</a></div><div class="product"><a href="https://www.amazon.com/dp/B0B1LVKG8D?tag=eloabder-20&linkCode=osi&th=1&psc=1"><img src="https://m.media-amazon.com/images/I/51bjl2slJTL._SL500_.jpg" alt="Product Image"></a><p>Fuufome Large Squeaky Dog Toys- Plush Dog Toys with Soft Fabric for Small, Medium, and Large Dogs Daily Companionship, Training Reward Gift</p><p> -41% 0FF </p><p>$9.49</p><a href="https://www.amazon.com/dp/B0B1LVKG8D?tag=eloabder-20&linkCode=osi&th=1&psc=1">View Product</a></div>

<div class="product"><a href="https://www.amazon.com/dp/B01AHM6P18?tag=eloabder-20&linkCode=osi&th=1&psc=1"><img src="https://m.media-amazon.com/images/I/51z5bUF-cpL._SL500_.jpg" alt="Product Image"></a><p>Fashion's Talk Cat Toys Variety Pack for Kitty 20 Pieces</p><p> -21% 0FF </p><p>$9.49</p><a href="https://www.amazon.com/dp/B01AHM6P18?tag=eloabder-20&linkCode=osi&th=1&psc=1">View Product</a></div><div class="product"><a href="https://www.amazon.com/dp/B0DG1X5KHM?tag=eloabder-20&linkCode=osi&th=1&psc=1"><img src="https://m.media-amazon.com/images/I/31YvLOoWZsL._SL500_.jpg" alt="Product Image"></a><p>Jkanti Interactive Cat Toys for Indoor Cats,The 3rd Generation Agile Moving Cat Ball with Elastic Mesh Tail,Automatic Kitten Toys for Bored Indoor Adult Cats,Motion Activated (Orange)</p><p> -10% 0FF </p><p>$17.99</p><a href="https://www.amazon.com/dp/B0DG1X5KHM?tag=eloabder-20&linkCode=osi&th=1&psc=1">View Product</a></div><div class="product"><a href="https://www.amazon.com/dp/B0D6W8B4FM?tag=eloabder-20&linkCode=osi&th=1&psc=1"><img src="https://m.media-amazon.com/images/I/31tkIoBZ3tL._SL500_.jpg" alt="Product Image"></a><p>TBTeek Cat Toys, USB Rechargeable Kitten Toy, 3 Light Modes & 5 Adjustable Patterns, Portable Interactive Pet Dog Cat Mouse Toy for Fun Chase Play Exercise</p><p> -13% 0FF </p><p>$6.97</p><a href="https://www.amazon.com/dp/B0D6W8B4FM?tag=eloabder-20&linkCode=osi&th=1&psc=1">View Product</a></div><div class="product"><a href="https://www.amazon.com/dp/B0CZ3YD1V6?tag=eloabder-20&linkCode=osi&th=1&psc=1"><img src="https://m.media-amazon.com/images/I/41nrT5-eUfL._SL500_.jpg" alt="Product Image"></a><p>Potaroma Cat Toys Chew Ropes 3Pcs with Refillable Natural Catnip, Safe Teeth Cleaning Toy for Indoor Kittens, Interactive Cat Nip Kitty Toys for All Breeds 19.5 Inches</p><p> -42% 0FF </p><p>$7.59</p><a href="https://www.amazon.com/dp/B0CZ3YD1V6?tag=eloabder-20&linkCode=osi&th=1&psc=1">View Product</a></div><div class="product"><a href="https://www.amazon.com/dp/B09WHBG4DV?tag=eloabder-20&linkCode=osi&th=1&psc=1"><img src="https://m.media-amazon.com/images/I/41eXntBWimL._SL500_.jpg" alt="Product Image"></a><p>Potaroma Cat Toys Pillows, 3 Pack, Soft and Durable Crinkle Sound with Catnip Inside, Interactive Indoor Kitten Kicker, Promotes Kitty Exercise</p><p> -38% 0FF </p><p>$9.98</p><a href="https://www.amazon.com/dp/B09WHBG4DV?tag=eloabder-20&linkCode=osi&th=1&psc=1">View Product</a></div>
<div class="product"><a href="https://www.amazon.com/dp/B08CXGYW1Q?tag=eloabder-20&linkCode=osi&th=1&psc=1"><img src="https://m.media-amazon.com/images/I/51TwJcM8A9L._SL500_.jpg" alt="Product Image"></a><p>Bedsure Calming Dog Bed Medium Size Dog - Donut Washable Medium Pet Bed, 30 inches Anti-Slip Round Fluffy Plush Faux Fur Cat Bed, Fits up to 45 lbs Pets, Camel</p><p> -7% 0FF </p><p>$39.99</p><a href="https://www.amazon.com/dp/B08CXGYW1Q?tag=eloabder-20&linkCode=osi&th=1&psc=1">View Product</a></div><div class="product"><a href="https://www.amazon.com/dp/B0DBYVR7LH?tag=eloabder-20&linkCode=osi&th=1&psc=1"><img src="https://m.media-amazon.com/images/I/51Mdi5roe1L._SL500_.jpg" alt="Product Image"></a><p>Hoewina Dog & Cat Bed for Indoor Cats, 20in Calming Donut Bed for Puppy and Kitten, Washable Round Fluffy Pet Bed for Small Medium Dogs and Cats (Light Grey)</p><p> -18% 0FF </p><p>$9.85</p><a href="https://www.amazon.com/dp/B0DBYVR7LH?tag=eloabder-20&linkCode=osi&th=1&psc=1">View Product</a></div><div class="product"><a href="https://www.amazon.com/dp/B0FBLRWFC1?tag=eloabder-20&linkCode=osi&th=1&psc=1"><img src="https://m.media-amazon.com/images/I/41qIhp9dq7L._SL500_.jpg" alt="Product Image"></a><p>Donut Dog Bed for Small Medium Dogs Cats, 18 inch Calming Washable-Round Cozy Soft Pet Bed for Puppy and Kitten with Slip-Resistant Bottom</p><p> -50% 0FF </p><p>$9.99</p><a href="https://www.amazon.com/dp/B0FBLRWFC1?tag=eloabder-20&linkCode=osi&th=1&psc=1">View Product</a></div><div class="product"><a href="https://www.amazon.com/dp/B000TZ73EW?tag=eloabder-20&linkCode=osi&th=1&psc=1"><img src="https://m.media-amazon.com/images/I/41PrtjgWzEL._SL500_.jpg" alt="Product Image"></a><p>MidWest Homes for Pets QuietTime XXS Dog Bed – Cinnamon Faux Fur Bolster, Ultra-Soft and Machine Washable, Fits 18-Inch Crates and Carriers, for Small Dogs and Cats</p><p> -13% 0FF </p><p>$11.33</p><a href="https://www.amazon.com/dp/B000TZ73EW?tag=eloabder-20&linkCode=osi&th=1&psc=1">View Product</a></div>

<div class="product"><a href="https://www.amazon.com/dp/B07MFYSKCL?tag=eloabder-20&linkCode=osi&th=1&psc=1"><img src="https://m.media-amazon.com/images/I/41WrfqDuWpL._SL500_.jpg" alt="Product Image"></a><p>Love's cabin Round Donut Cat and Dog Cushion Bed, 20in Bed for Cats or Small Dogs, Anti-Slip & Water-Resistant Bottom, Super Soft Durable Fabric Pet Beds, Washable Luxury Cat & Dog Bed Gray</p><p> -20% 0FF </p><p>$15.99</p><a href="https://www.amazon.com/dp/B07MFYSKCL?tag=eloabder-20&linkCode=osi&th=1&psc=1">View Product</a></div><div class="product"><a href="https://www.amazon.com/dp/B08CY5VR5W?tag=eloabder-20&linkCode=osi&th=1&psc=1"><img src="https://m.media-amazon.com/images/I/51Hp7ZTQiFL._SL500_.jpg" alt="Product Image"></a><p>Bedsure Cat Beds for Indoor Cats - Large Cat Cave for Pet Cat House with Fluffy Ball Hanging and Scratch Pad, Foldable Cat Hideaway, 16.5x16.5x13 inches, Grey</p><p> -20% 0FF </p><p>$23.99</p><a href="https://www.amazon.com/dp/B08CY5VR5W?tag=eloabder-20&linkCode=osi&th=1&psc=1">View Product</a></div><div class="product"><a href="https://www.amazon.com/dp/B06XF6VH2N?tag=eloabder-20&linkCode=osi&th=1&psc=1"><img src="https://m.media-amazon.com/images/I/41+7YS2mbWL._SL500_.jpg" alt="Product Image"></a><p>Furhaven ThermaNAP Self-Warming Cat Bed for Indoor Cats & Small Dogs, Washable & Reflects Body Heat - Quilted Faux Fur Reflective Bed Mat - Gray, Small</p><p> -8% 0FF </p><p>$11.99</p><a href="https://www.amazon.com/dp/B06XF6VH2N?tag=eloabder-20&linkCode=osi&th=1&psc=1">View Product</a></div><div class="product"><a href="https://www.amazon.com/dp/B0DDKRS437?tag=eloabder-20&linkCode=osi&th=1&psc=1"><img src="https://m.media-amazon.com/images/I/31eWtW2c9JL._SL500_.jpg" alt="Product Image"></a><p>BALANCE Cat Bed Kitten Bed, Washable Round Cat Beds for Indoor Cats, Super Soft Plush Faux Fur Pet Bed for Puppy and Kitten with Anti-Slip Bottom</p><p> -21% 0FF </p><p>$28.49</p><a href="https://www.amazon.com/dp/B0DDKRS437?tag=eloabder-20&linkCode=osi&th=1&psc=1">View Product</a></div>
<div class="product"><a href="https://www.amazon.com/dp/B0BFG9Z2P9?tag=eloabder-20&linkCode=osi&th=1&psc=1"><img src="https://m.media-amazon.com/images/I/418f7l64RZL._SL500_.jpg" alt="Product Image"></a><p>Tomkas Small Dog Sling Carrier - Classic Pocket & Classic Strap - for 3-10 lbs Pets(Black)</p><p> -5% 0FF </p><p>$13.29</p><a href="https://www.amazon.com/dp/B0BFG9Z2P9?tag=eloabder-20&linkCode=osi&th=1&psc=1">View Product</a></div>
<div class="product"><a href="https://www.amazon.com/dp/B0CTF8S82M?tag=eloabder-20&linkCode=osi&th=1&psc=1"><img src="https://m.media-amazon.com/images/I/31iR7d1zNSL._SL500_.jpg" alt="Product Image"></a><p>Dog Carrier Sling - Reversible Puppy Carrier Purse with Storage Pocket, Hand-Free Dog Sling Carrier for Carry Small Dogs and Cats, Travel Safety Harness, Dog and Cat Harness(Black)</p><p> -17% 0FF </p><p>$9.99</p><a href="https://www.amazon.com/dp/B0CTF8S82M?tag=eloabder-20&linkCode=osi&th=1&psc=1">View Product</a></div><div class="product"><a href="https://www.amazon.com/dp/B09MJ131L5?tag=eloabder-20&linkCode=osi&th=1&psc=1"><img src="https://m.media-amazon.com/images/I/51vCG0gYKFL._SL500_.jpg" alt="Product Image"></a><p>GAPZER Pet Carrier for Large Cats, Soft-Sided Cat Carrier for Medium Big Cats and Puppy up to 20lbs, Washable Dog Carrier Privacy Protection for Home Outdoor Travel</p><p> -25% 0FF </p><p>$29.99</p><a href="https://www.amazon.com/dp/B09MJ131L5?tag=eloabder-20&linkCode=osi&th=1&psc=1">View Product</a></div><div class="product"><a href="https://www.amazon.com/dp/B0CGB1SRGH?tag=eloabder-20&linkCode=osi&th=1&psc=1"><img src="https://m.media-amazon.com/images/I/51x07O9JhRL._SL500_.jpg" alt="Product Image"></a><p>Soft Sided Cat/Dog Carrier,Collapsible Pets Travel Carriers for Pet/Puppy with Shoulder Strap & Removable Mat,Mesh Top Load Small Dogs/Cats Carry Bag Up to 17 Lbs TSA Airline Approved（Black,M）</p><p> -15% 0FF </p><p>$17.77 ($17.77 / Count)</p><a href="https://www.amazon.com/dp/B0CGB1SRGH?tag=eloabder-20&linkCode=osi&th=1&psc=1">View Product</a></div>

<div class="product"><a href="https://www.amazon.com/dp/B0BHYZV3HY?tag=eloabder-20&linkCode=osi&th=1&psc=1"><img src="https://m.media-amazon.com/images/I/51GsL7XYrvL._SL500_.jpg" alt="Product Image"></a><p>oneisall Dog Grooming Vacuum, Pet Grooming Vacuum with Clipper Nail Grinder, 1.5L Dust Cup Dog deshedding Vacuum Brush with 7 Pet Grooming Tools for Shedding Pet Hair, Home Cleaning(Blue)</p><p> -9% 0FF </p><p>$99.99</p><a href="https://www.amazon.com/dp/B0BHYZV3HY?tag=eloabder-20&linkCode=osi&th=1&psc=1">View Product</a></div><div class="product"><a href="https://www.amazon.com/dp/B01330IKAA?tag=eloabder-20&linkCode=osi&th=1&psc=1"><img src="https://m.media-amazon.com/images/I/31tp596fu2L._SL500_.jpg" alt="Product Image"></a><p>BioSilk for Dogs Silk Therapy Detangling Plus Shine Mist for Dogs | Best Detangling Spray for All Dogs & Puppies for Shiny Coats and Dematting | 8 Oz Bottle (Packaging May Vary)</p><p> -11% 0FF </p><p>$8.92</p><a href="https://www.amazon.com/dp/B01330IKAA?tag=eloabder-20&linkCode=osi&th=1&psc=1">View Product</a></div><div class="product"><a href="https://www.amazon.com/dp/B00VC8DQX2?tag=eloabder-20&linkCode=osi&th=1&psc=1"><img src="https://m.media-amazon.com/images/I/41o8MrUqR1L._SL500_.jpg" alt="Product Image"></a><p>SleekEZ Dog Brush for Shedding & Dog Grooming Supplies | Pet Hair Removal Tool | Great For All Fur Types | For Short, Medium, & Long Hair Pets | Reduces Shedding by 95% | Made in USA | 1 pack | 5 inch</p><p> -15% 0FF </p><p>$19.97</p><a href="https://www.amazon.com/dp/B00VC8DQX2?tag=eloabder-20&linkCode=osi&th=1&psc=1">View Product</a></div><div class="product"><a href="https://www.amazon.com/dp/B0002H3RBU?tag=eloabder-20&linkCode=osi&th=1&psc=1"><img src="https://m.media-amazon.com/images/I/41G42uu7qBL._SL500_.jpg" alt="Product Image"></a><p>Miracle Care Kwik Stop Styptic Powder For Dogs, Cats and Birds, 0.5 Ounce, Fast Acting Blood Stop Powder with Pain Relieving Benzocaine</p><p> -5% 0FF </p><p>$9.99</p><a href="https://www.amazon.com/dp/B0002H3RBU?tag=eloabder-20&linkCode=osi&th=1&psc=1">View Product</a></div><div class="product"><a href="https://www.amazon.com/dp/B0CNZB3L28?tag=eloabder-20&linkCode=osi&th=1&psc=1"><img src="https://m.media-amazon.com/images/I/41XWOVhEWmL._SL500_.jpg" alt="Product Image"></a><p>MEDUWEDU Ear Cleaner Finger Wipes 60 Counts, Dog Ear Cleaner, Grooming Kit Care for Dogs and Cats, Soft & Easy Otic Cleaning Pads, Remove Wax, Dirt & Stop Smelly, Itchy, Non-Irritating, Coconut Scent</p><p> -13% 0FF </p><p>$6.97</p><a href="https://www.amazon.com/dp/B0CNZB3L28?tag=eloabder-20&linkCode=osi&th=1&psc=1">View Product</a></div><div class="product"><a href="https://www.amazon.com/dp/B01HRSZRXM?tag=eloabder-20&linkCode=osi&th=1&psc=1"><img src="https://m.media-amazon.com/images/I/51jzCKDndHL._SL500_.jpg" alt="Product Image"></a><p>oneisall Dog Clipper Low Noise, Dog Grooming Kit with Rechargeable, Pet Shaver Cordless Electric Quiet Hair Clipper Set for Dogs Cats Pets（Gold）</p><p> -25% 0FF </p><p>$29.99</p><a href="https://www.amazon.com/dp/B01HRSZRXM?tag=eloabder-20&linkCode=osi&th=1&psc=1">View Product</a></div>
<div class="product"><a href="https://www.amazon.com/dp/B07CXQQ4Q5?tag=eloabder-20&linkCode=osi&th=1&psc=1"><img src="https://m.media-amazon.com/images/I/41fZKGIVQRL._SL500_.jpg" alt="Product Image"></a><p>PetArmor 7 Way De-Wormer for Dogs, Oral Treatment for Tapeworm, Roundworm & Hookworm in Large Dogs & Puppies (Over 25 lbs), Worm Remover (Praziquantel & Pyrantel Pamoate), 2 Flavored Chewables</p><p> -10% 0FF </p><p>$18.00 ($9.00 / Count)</p><a href="https://www.amazon.com/dp/B07CXQQ4Q5?tag=eloabder-20&linkCode=osi&th=1&psc=1">View Product</a></div><div class="product"><a href="https://www.amazon.com/dp/B000O5DHT2?tag=eloabder-20&linkCode=osi&th=1&psc=1"><img src="https://m.media-amazon.com/images/I/41Am2odDJjL._SL500_.jpg" alt="Product Image"></a><p>Merial Zimecterin Gold Dewormer Paste for Horses, 7.35gm (Packaging May Vary)</p><p> -20% 0FF </p><p>$16.69</p><a href="https://www.amazon.com/dp/B000O5DHT2?tag=eloabder-20&linkCode=osi&th=1&psc=1">View Product</a></div><div class="product"><a href="https://www.amazon.com/dp/B078YCWFKK?tag=eloabder-20&linkCode=osi&th=1&psc=1"><img src="https://m.media-amazon.com/images/I/41+lFxJHMCL._SL500_.jpg" alt="Product Image"></a><p>Durvet 2251171 Wormer-Double Strength Liquid Dog</p><p> -8% 0FF </p><p>$27.78</p><a href="https://www.amazon.com/dp/B078YCWFKK?tag=eloabder-20&linkCode=osi&th=1&psc=1">View Product</a></div>
<div class="product"><a href="https://www.amazon.com/dp/B0BR5VST5N?tag=eloabder-20&linkCode=osi&th=1&psc=1"><img src="https://m.media-amazon.com/images/I/31smh+Fyk0L._SL500_.jpg" alt="Product Image"></a><p>IMIPAW Automatic Cat Feeders, 3L Timed Cat Dry Food Dispenser, Dual Power Supply, Programmable Portion Size, Auto Pet Feeder for Cats and Small Dogs</p><p> -28% 0FF </p><p>$25.99</p><a href="https://www.amazon.com/dp/B0BR5VST5N?tag=eloabder-20&linkCode=osi&th=1&psc=1">View Product</a></div><div class="product"><a href="https://www.amazon.com/dp/B0DF7H6SGZ?tag=eloabder-20&linkCode=osi&th=1&psc=1"><img src="https://m.media-amazon.com/images/I/41kiwgcXNWL._SL500_.jpg" alt="Product Image"></a><p>Automatic Cat Feeder, 4L Cat Food Dispenser with 10s Voice Recorder, Pet Feeder up to 8 Meals per Day, Timed Dog Feeder with Dry Food Sealed Ring (White, 4L-Basic)</p><p> -18% 0FF </p><p>$22.09</p><a href="https://www.amazon.com/dp/B0DF7H6SGZ?tag=eloabder-20&linkCode=osi&th=1&psc=1">View Product</a></div><div class="product"><a href="https://www.amazon.com/dp/B0DQLJJ5XT?tag=eloabder-20&linkCode=osi&th=1&psc=1"><img src="https://m.media-amazon.com/images/I/31AWcXWoThL._SL500_.jpg" alt="Product Image"></a><p>Dual Automatic Cat Feeder 2 Cats,6 Meals/Day,12 Portions/Meal,4.2L Dual Power Double Bowls Feeder,Dry Food Auto Pet Dispenser,10S Voice Record,Flexible Schedule Timer (Black,Stainless Dual Bowls)</p><p> -39% 0FF </p><p>$29.99</p><a href="https://www.amazon.com/dp/B0DQLJJ5XT?tag=eloabder-20&linkCode=osi&th=1&psc=1">View Product</a></div><div class="product"><a href="https://www.amazon.com/dp/B0DMFGFQ39?tag=eloabder-20&linkCode=osi&th=1&psc=1"><img src="https://m.media-amazon.com/images/I/31uwj+gO+sL._SL500_.jpg" alt="Product Image"></a><p>ZOMISIA Gravity Cat Feeder and Water Dispenser, 2 in 1 Cat Self Feeder with 180 Degree Rotatable, 2 Pack Automatic Feeding Large Capacity for Small Medium Dog Puppy Kitten, Black, 0.8 Gallon x 2</p><p> -21% 0FF </p><p>$28.49</p><a href="https://www.amazon.com/dp/B0DMFGFQ39?tag=eloabder-20&linkCode=osi&th=1&psc=1">View Product</a></div><div class="product"><a href="https://www.amazon.com/dp/B09S8WMJY9?tag=eloabder-20&linkCode=osi&th=1&psc=1"><img src="https://m.media-amazon.com/images/I/41BhIBNEoGL._SL500_.jpg" alt="Product Image"></a><p>PETLIBRO Automatic Cat Feeder, 5G WiFi Automatic Dog Food Dispenser with Freshness Preservation, 5L Timed Pet Feeder with Low Food Sensor, Up to 10 Meals Per Day, Granary Black</p><p> -30% 0FF </p><p>$69.99</p><a href="https://www.amazon.com/dp/B09S8WMJY9?tag=eloabder-20&linkCode=osi&th=1&psc=1">View Product</a></div><div class="product"><a href="https://www.amazon.com/dp/B0F1MQQ2S3?tag=eloabder-20&linkCode=osi&th=1&psc=1"><img src="https://m.media-amazon.com/images/I/41jCkjw2PhL._SL500_.jpg" alt="Product Image"></a><p>HoneyGuaridan Automatic Cat Feeder for Two Cats, Food Dispenser with Stainless Steel Bowl,Timed Cat Feeder Programmable 1-6 Meals Control, Dual Power Supply,10s Meal Call Black</p><p> -15% 0FF </p><p>$46.99</p><a href="https://www.amazon.com/dp/B0F1MQQ2S3?tag=eloabder-20&linkCode=osi&th=1&psc=1">View Product</a></div>
<div class="product"><a href="https://www.amazon.com/dp/B0C4TF7Z92?tag=eloabder-20&linkCode=osi&th=1&psc=1"><img src="https://m.media-amazon.com/images/I/51I2UG6QOyL._SL500_.jpg" alt="Product Image"></a><p>NEEZUKAR Dog Car Seat for Small Medium Dogs,Detachable Washable Dog Booster Seat Under 30lbs, Pet Car Seat Travel Bed with Storage Pockets and Dog Safety Belt (Black)</p><p> -10% 0FF </p><p>$44.99 ($44.99 / Count)</p><a href="https://www.amazon.com/dp/B0C4TF7Z92?tag=eloabder-20&linkCode=osi&th=1&psc=1">View Product</a></div><div class="product"><a href="https://www.amazon.com/dp/B0CB2S7PVV?tag=eloabder-20&linkCode=osi&th=1&psc=1"><img src="https://m.media-amazon.com/images/I/51+FMM25wiL._SL500_.jpg" alt="Product Image"></a><p>Dog Car Seat - Memory Foam Dog Booster Seat for Small Dogs Up to 25lbs-Elevated Pet Car Seat with Storage Pockets and Dog Seat Belt-Soft Pet Travel Bed for Front & Back Seats-Removable Washable-Grey</p><p> -28% 0FF </p><p>$35.97 ($0.45 / Count)</p><a href="https://www.amazon.com/dp/B0CB2S7PVV?tag=eloabder-20&linkCode=osi&th=1&psc=1">View Product</a></div><div class="product"><a href="https://www.amazon.com/dp/B0B8VF4MW1?tag=eloabder-20&linkCode=osi&th=1&psc=1"><img src="https://m.media-amazon.com/images/I/51sbdmnFJwL._SL500_.jpg" alt="Product Image"></a><p>PETSFIT Dog Car Seats for Small Dogs, Patent Safe Buckles Dog Booster Car Seat, Cat Cars Seat with Safety Belt, Suitable for Small Pets Up to 25lbs (Grey)</p><p> -9% 0FF </p><p>$35.97</p><a href="https://www.amazon.com/dp/B0B8VF4MW1?tag=eloabder-20&linkCode=osi&th=1&psc=1">View Product</a></div><div class="product"><a href="https://www.amazon.com/dp/B0C811NJ98?tag=eloabder-20&linkCode=osi&th=1&psc=1"><img src="https://m.media-amazon.com/images/I/51MjeG4jB6L._SL500_.jpg" alt="Product Image"></a><p>SlowTon Console Dog Car Seat - Portable Dogs Armrest Booster Seat for Small Dog, Anti-Collapse Pet Car Seat with Soft Cushion Safety Belt, Support Pet Up to 11lbs (Black)</p><p> -5% 0FF </p><p>$37.89 ($37.89 / Count)</p><a href="https://www.amazon.com/dp/B0C811NJ98?tag=eloabder-20&linkCode=osi&th=1&psc=1">View Product</a></div><div class="product"><a href="https://www.amazon.com/dp/B0D2D2T38B?tag=eloabder-20&linkCode=osi&th=1&psc=1"><img src="https://m.media-amazon.com/images/I/41rFustc3hL._SL500_.jpg" alt="Product Image"></a><p>HEGGCOOE Small Dog Car Seat, Memory Foam Dog Booster Car Seats with Thick Cushion for Medium Dogs Under 35lbs, Detachable Washable Dog Bed for Car, Pet Carseat with Storage Pockets,2 Safety Belts</p><p> -15% 0FF </p><p>$58.63</p><a href="https://www.amazon.com/dp/B0D2D2T38B?tag=eloabder-20&linkCode=osi&th=1&psc=1">View Product</a></div>
<div class="product"><a href="https://www.amazon.com/dp/B0D6Z4L6BW?tag=eloabder-20&linkCode=osi&th=1&psc=1"><img src="https://m.media-amazon.com/images/I/515L+bqRRKL._SL500_.jpg" alt="Product Image"></a><p>Tractive Smart Dog GPS Tracker | Live Pet Tracker with Virtual Fence | Vital Signs Monitoring of Heart & Respiratory Rate | Bark Monitoring | Dog Collar Attachment (Black)</p><p> -40% 0FF </p><p>$41.40</p><a href="https://www.amazon.com/dp/B0D6Z4L6BW?tag=eloabder-20&linkCode=osi&th=1&psc=1">View Product</a></div><div class="product"><a href="https://www.amazon.com/dp/B0C75D8QZ9?tag=eloabder-20&linkCode=osi&th=1&psc=1"><img src="https://m.media-amazon.com/images/I/51RJI30GT5L._SL500_.jpg" alt="Product Image"></a><p>Tractive Smart Cat GPS Tracker | Real-Time Location & Wellness Monitoring for Cats 6.5 lbs+ | Territory & Location History | Up to 5-Day Battery | Breakaway Collar Included (Dark Blue)</p><p> -14% 0FF </p><p>$29.40</p><a href="https://www.amazon.com/dp/B0C75D8QZ9?tag=eloabder-20&linkCode=osi&th=1&psc=1">View Product</a></div><div class="product"><a href="https://www.amazon.com/dp/B0C2C5LP16?tag=eloabder-20&linkCode=osi&th=1&psc=1"><img src="https://m.media-amazon.com/images/I/41nG8vcAwrL._SL500_.jpg" alt="Product Image"></a><p>Tractive XL Smart Dog GPS Tracker | Live Pet Tracker with Virtual Fence | Vital Signs Monitoring of Heart & Respiratory Rate | Up to 1-Month Battery Life | Dog Collar Attachment (Green)</p><p> -41% 0FF </p><p>$41.40</p><a href="https://www.amazon.com/dp/B0C2C5LP16?tag=eloabder-20&linkCode=osi&th=1&psc=1">View Product</a></div>
<div class="product"><a href="https://www.amazon.com/dp/B0BJZMBBQM?tag=eloabder-20&linkCode=osi&th=1&psc=1"><img src="https://m.media-amazon.com/images/I/41XUAqCwkyL._SL500_.jpg" alt="Product Image"></a><p>Potaroma Cat Toys Flapping Bird (No Flying), Lifelike Sandpiper Chirp Tweet, Rechargeable Touch Activated Kitten Toy Interactive Cat Exercise Toys for All Breeds Cat Kicker Catnip Toys 4.0"</p><p> -10% 0FF </p><p>$17.98</p><a href="https://www.amazon.com/dp/B0BJZMBBQM?tag=eloabder-20&linkCode=osi&th=1&psc=1">View Product</a></div><div class="product"><a href="https://www.amazon.com/dp/B0D4V9V39Y?tag=eloabder-20&linkCode=osi&th=1&psc=1"><img src="https://m.media-amazon.com/images/I/41g+ya1722L._SL500_.jpg" alt="Product Image"></a><p>BoYoYo Interactive Dog Puzzle Toys for Boredom, Dogs Enrichment Toy to Keep Them Busy, Treat Dispensing Slow Feeder</p><p> -19% 0FF </p><p>$12.99</p><a href="https://www.amazon.com/dp/B0D4V9V39Y?tag=eloabder-20&linkCode=osi&th=1&psc=1">View Product</a></div>
<div class="product"><a href="https://www.amazon.com/dp/B0CVR38NWQ?tag=eloabder-20&linkCode=osi&th=1&psc=1"><img src="https://m.media-amazon.com/images/I/41Vuz0-BN3L._SL500_.jpg" alt="Product Image"></a><p>IRIS USA Dog Food Storage Container, 10 Pound, Airtight Seal and Buckle, Easy 1 Hand Opening Hinged Lid, Versatile, Space Saving Compact Size, Pearl/Black</p><p> -25% 0FF </p><p>$14.99</p><a href="https://www.amazon.com/dp/B0CVR38NWQ?tag=eloabder-20&linkCode=osi&th=1&psc=1">View Product</a></div>
<div class="product"><a href="https://www.amazon.com/dp/B07SB22JNX?tag=eloabder-20&linkCode=osi&th=1&psc=1"><img src="https://m.media-amazon.com/images/I/41LcLbaDSXL._SL500_.jpg" alt="Product Image"></a><p>EBPP Dog Sunscreen Sun Skin Protector Spray 8 fl oz - Safe for All Breeds with No Zinc Oxide - Pet Protection and Moisturizer for Skin, Coat, Nose, Ears</p><p> -20% 0FF </p><p>$15.16 ($1.90 / Fl Oz)</p><a href="https://www.amazon.com/dp/B07SB22JNX?tag=eloabder-20&linkCode=osi&th=1&psc=1">View Product</a></div><div class="product"><a href="https://www.amazon.com/dp/B0F1Y7WTCG?tag=eloabder-20&linkCode=osi&th=1&psc=1"><img src="https://m.media-amazon.com/images/I/41QOkyjA7KL._SL500_.jpg" alt="Product Image"></a><p>Noseprint SPF 50 Sun Protection Balm For Pets 30 ML in Tin | Moisturising Sunscreen For Dogs And Cat Non-Toxic Formula Nose and Dog Paw Balm Sunblock Cream | puppy Sun Protection</p><p> -10% 0FF </p><p>$8.99 ($8.50 / Ounce)</p><a href="https://www.amazon.com/dp/B0F1Y7WTCG?tag=eloabder-20&linkCode=osi&th=1&psc=1">View Product</a></div><div class="product"><a href="https://www.amazon.com/dp/B0F2B31RQ4?tag=eloabder-20&linkCode=osi&th=1&psc=1"><img src="https://m.media-amazon.com/images/I/51wf3WZ0a2L._SL500_.jpg" alt="Product Image"></a><p>Handy Hound SnoutScreen Dog Paw Balm and All-Natural Dog Nose Balm for Dry, Cracked Skin, Dog Itching Skin Relief, Dog Sunscreen, Vet Recommended, Made in USA, Protects Against UVB and UVC Rays, 1 oz</p><p> -23% 0FF </p><p>$9.99</p><a href="https://www.amazon.com/dp/B0F2B31RQ4?tag=eloabder-20&linkCode=osi&th=1&psc=1">View Product</a></div><div class="product"><a href="https://www.amazon.com/dp/B0FH6TBWCZ?tag=eloabder-20&linkCode=osi&th=1&psc=1"><img src="https://m.media-amazon.com/images/I/518O0j+AFzL._SL500_.jpg" alt="Product Image"></a><p>Frozen Lemon Lab Pack of 2 Pet Sunscreen Balm SPF 50 – 30ml Each – Dog & Cat Sunblock for Nose, Ears & Skin – Safe, Non-Toxic, Zinc-Free Sun Protection for Pets – Water Resistant Sun Cream</p><p> -9% 0FF </p><p>$14.50 ($7.25 / Count)</p><a href="https://www.amazon.com/dp/B0FH6TBWCZ?tag=eloabder-20&linkCode=osi&th=1&psc=1">View Product</a></div>
<div class="product"><a href="https://www.amazon.com/dp/B08ML4GK1M?tag=eloabder-20&linkCode=osi&th=1&psc=1"><img src="https://m.media-amazon.com/images/I/513Nm4JMC-L._SL500_.jpg" alt="Product Image"></a><p>ANWA Adjustable Cat Cone Collar Soft, Cute Cat Donut Collar After Surgery, Kitten Recovery Cones to Stop Licking</p><p> -11% 0FF </p><p>$16.99 ($16.99 / Count)</p><a href="https://www.amazon.com/dp/B08ML4GK1M?tag=eloabder-20&linkCode=osi&th=1&psc=1">View Product</a></div><div class="product"><a href="https://www.amazon.com/dp/B08MC9VXZ6?tag=eloabder-20&linkCode=osi&th=1&psc=1"><img src="https://m.media-amazon.com/images/I/51oXFq7DatL._SL500_.jpg" alt="Product Image"></a><p>12 Pack Reflective-Breakaway Cat Collars with Bells,Safety Buckle Kitten Collar, with Name Tag, Adjustable,Ideal for Girl Cats Male Cats,Pet Supplies,Stuff,Accessories(12 Colors & 2 ID Tags)</p><p> -40% 0FF </p><p>$8.97</p><a href="https://www.amazon.com/dp/B08MC9VXZ6?tag=eloabder-20&linkCode=osi&th=1&psc=1">View Product</a></div><div class="product"><a href="https://www.amazon.com/dp/B0FP8M75GT?tag=eloabder-20&linkCode=osi&th=1&psc=1"><img src="https://m.media-amazon.com/images/I/51LGdqntO5L._SL500_.jpg" alt="Product Image"></a><p>3 Pack Halloween Cat Collar with Detachable Bow Tie & Bell - Breakaway Adjustable Kitten Collars with Skull Gothic Bat Spider Web Pattern for Indoor Outdoor Cats (White, Pink, Black)</p><p> -15% 0FF </p><p>$10.99</p><a href="https://www.amazon.com/dp/B0FP8M75GT?tag=eloabder-20&linkCode=osi&th=1&psc=1">View Product</a></div>
<div class="product"><a href="https://www.amazon.com/dp/B071W6CQ7S?tag=eloabder-20&linkCode=osi&th=1&psc=1"><img src="https://m.media-amazon.com/images/I/41aQu1qdnxL._SL500_.jpg" alt="Product Image"></a><p>Nature’s Miracle Stain and Odor Remover Dog, 32 Ounces, Everyday Mess Enzymatic Odor Control Formula</p><p> -17% 0FF </p><p>$10.77 ($0.34 / Fl Oz)</p><a href="https://www.amazon.com/dp/B071W6CQ7S?tag=eloabder-20&linkCode=osi&th=1&psc=1">View Product</a></div><div class="product"><a href="https://www.amazon.com/dp/B0723HRWJW?tag=eloabder-20&linkCode=osi&th=1&psc=1"><img src="https://m.media-amazon.com/images/I/41IpJB8NAiL._SL500_.jpg" alt="Product Image"></a><p>Nature’s Miracle Advanced Stain and Odor Eliminator Dog Spray, Fresh Scent, Severe Mess Enzymatic Formula For Tough Pet Messes, 32 Ounces</p><p> -15% 0FF </p><p>$13.59 ($0.42 / Fl Oz)</p><a href="https://www.amazon.com/dp/B0723HRWJW?tag=eloabder-20&linkCode=osi&th=1&psc=1">View Product</a></div><div class="product"><a href="https://www.amazon.com/dp/B07N316V8C?tag=eloabder-20&linkCode=osi&th=1&psc=1"><img src="https://m.media-amazon.com/images/I/410LzSMA7ZL._SL500_.jpg" alt="Product Image"></a><p>ANGRY ORANGE Pet Odor Eliminator for Dog and Cat Urine, Carpet Stains, and Strong Smells – Citrus Cleaner with Natural Orange Oil – 24 oz</p><p> -10% 0FF </p><p>$17.96 ($0.75 / Fl Oz)</p><a href="https://www.amazon.com/dp/B07N316V8C?tag=eloabder-20&linkCode=osi&th=1&psc=1">View Product</a></div><div class="product"><a href="https://www.amazon.com/dp/B09PF4KVHJ?tag=eloabder-20&linkCode=osi&th=1&psc=1"><img src="https://m.media-amazon.com/images/I/31iTqN0IEsL._SL500_.jpg" alt="Product Image"></a><p>POOPH® Pet Odor Eliminator – 32 fl oz Bottle – Organic, NO Fragrances, NO Harsh Chemicals – Fast, Safe and Effective, Works On-Contact! For Home, Auto, Upholstery, Furniture – Safe for Pets & People</p><p> -23% 0FF </p><p>$22.97 ($0.72 / Fl Oz)</p><a href="https://www.amazon.com/dp/B09PF4KVHJ?tag=eloabder-20&linkCode=osi&th=1&psc=1">View Product</a></div><div class="product"><a href="https://www.amazon.com/dp/B072FVZ1Z9?tag=eloabder-20&linkCode=osi&th=1&psc=1"><img src="https://m.media-amazon.com/images/I/41Mro5ptmeL._SL500_.jpg" alt="Product Image"></a><p>Nature's Miracle Stain and Odor Remover for Dogs, Odor Control Formula, Refill, 1.33 Gal</p><p> -14% 0FF </p><p>$27.99 ($0.16 / Fl Oz)</p><a href="https://www.amazon.com/dp/B072FVZ1Z9?tag=eloabder-20&linkCode=osi&th=1&psc=1">View Product</a></div>

<div class="product"><a href="https://www.amazon.com/dp/B0FJ2NPL47?tag=eloabder-20&linkCode=osi&th=1&psc=1"><img src="https://m.media-amazon.com/images/I/51TDSHRvQDL._SL500_.jpg" alt="Product Image"></a><p>Pet Hair Removal Glove for Dogs & Cats, Newly Upgraded Reusable Electrostatic Pet Hair Gloves, Pet Hair Remover Tool for Clothing, Couch, Carpet, Car Seat</p><p> -15% 0FF </p><p>$16.99</p><a href="https://www.amazon.com/dp/B0FJ2NPL47?tag=eloabder-20&linkCode=osi&th=1&psc=1">View Product</a></div><div class="product"><a href="https://www.amazon.com/dp/B0DMWBS87F?tag=eloabder-20&linkCode=osi&th=1&psc=1"><img src="https://m.media-amazon.com/images/I/51Q8Cx4sNWL._SL500_.jpg" alt="Product Image"></a><p>Paw Science Dog Eye Wipes - Hypoallergenic Eye & Face Wipes for Dogs, Cats, & Puppy - Pet Tear Stain Remover & Cleaner - Gently Cleans & Removes Discharge, Crust, & Gunk (Coconut)</p><p> -36% 0FF </p><p>$8.99 ($0.09 / Count)</p><a href="https://www.amazon.com/dp/B0DMWBS87F?tag=eloabder-20&linkCode=osi&th=1&psc=1">View Product</a></div><div class="product"><a href="https://www.amazon.com/dp/B0FH6PZ6RZ?tag=eloabder-20&linkCode=osi&th=1&psc=1"><img src="https://m.media-amazon.com/images/I/414hJ-w970L._SL500_.jpg" alt="Product Image"></a><p>Dog Nail Grinder with 2 LED Lights Powerful 2 Speeds Super Quiet Dog Nail Trimmers with 3 Grinding Wheels Rechargeable Pet Dog Nail Clippers for Large Medium Puppy Dogs Nail File Cat Nail Clipper Blue</p><p> -5% 0FF </p><p>$18.99</p><a href="https://www.amazon.com/dp/B0FH6PZ6RZ?tag=eloabder-20&linkCode=osi&th=1&psc=1">View Product</a></div><div class="product"><a href="https://www.amazon.com/dp/B0FD9MGDKV?tag=eloabder-20&linkCode=osi&th=1&psc=1"><img src="https://m.media-amazon.com/images/I/51XGj6QgMcL._SL500_.jpg" alt="Product Image"></a><p>Pet Hair Removal Glove for Cats & Dogs, Upgraded Five-Finger Electrostatic Pet Hair Gloves, Reusable Magic Brush Pet Hair Remover Tool for Laundry, Couch, Carpet, Car Seat</p><p> -19% 0FF </p><p>$16.17</p><a href="https://www.amazon.com/dp/B0FD9MGDKV?tag=eloabder-20&linkCode=osi&th=1&psc=1">View Product</a></div>
<div class="product"><a href="https://www.amazon.com/dp/B09K8YYVWV?tag=eloabder-20&linkCode=osi&th=1&psc=1"><img src="https://m.media-amazon.com/images/I/4123dxF1ijL._SL500_.jpg" alt="Product Image"></a><p>Blue Buffalo Life Protection Formula Natural Adult Dry Dog Food, Chicken and Brown Rice 5-lb Trial Size Bag</p><p> -17% 0FF </p><p>$14.98 ($3.00 / lb)</p><a href="https://www.amazon.com/dp/B09K8YYVWV?tag=eloabder-20&linkCode=osi&th=1&psc=1">View Product</a></div><div class="product"><a href="https://www.amazon.com/dp/B0000AH3QT?tag=eloabder-20&linkCode=osi&th=1&psc=1"><img src="https://m.media-amazon.com/images/I/41FXHOzdCWL._SL500_.jpg" alt="Product Image"></a><p>Purina ONE Chicken and Rice Formula Dry Dog Food - 8 lb. Bag</p><p> -9% 0FF </p><p>$16.28 ($2.04 / Pound)</p><a href="https://www.amazon.com/dp/B0000AH3QT?tag=eloabder-20&linkCode=osi&th=1&psc=1">View Product</a></div><div class="product"><a href="https://www.amazon.com/dp/B0000AH3QW?tag=eloabder-20&linkCode=osi&th=1&psc=1"><img src="https://m.media-amazon.com/images/I/41jXsOOPPtL._SL500_.jpg" alt="Product Image"></a><p>Purina ONE Dry Dog Food Lamb and Rice Formula - 8 lb. Bag</p><p> -9% 0FF </p><p>$16.28 ($2.04 / pound)</p><a href="https://www.amazon.com/dp/B0000AH3QW?tag=eloabder-20&linkCode=osi&th=1&psc=1">View Product</a></div><div class="product"><a href="https://www.amazon.com/dp/B09K9FDLFN?tag=eloabder-20&linkCode=osi&th=1&psc=1"><img src="https://m.media-amazon.com/images/I/41fn4P3zY0L._SL500_.jpg" alt="Product Image"></a><p>Blue Buffalo Life Protection Formula Natural Adult Small Breed Dry Dog Food, Chicken and Brown Rice 5-lb Trial Size Bag</p><p> -15% 0FF </p><p>$16.98 ($3.40 / lb)</p><a href="https://www.amazon.com/dp/B09K9FDLFN?tag=eloabder-20&linkCode=osi&th=1&psc=1">View Product</a></div><div class="product"><a href="https://www.amazon.com/dp/B008NHLZ2Y?tag=eloabder-20&linkCode=osi&th=1&psc=1"><img src="https://m.media-amazon.com/images/I/51OqxCyPKTL._SL500_.jpg" alt="Product Image"></a><p>Cesar Wet Dog Food Classic Loaf in Sauce Beef Recipe, Filet Mignon, Grilled Chicken and Porterhouse Steak Variety Pack, 3.5 oz. Easy Peel Trays (24 Count, Pack of 1)</p><p> -11% 0FF </p><p>$24.94 ($1.04 / Count)</p><a href="https://www.amazon.com/dp/B008NHLZ2Y?tag=eloabder-20&linkCode=osi&th=1&psc=1">View Product</a></div><div class="product"><a href="https://www.amazon.com/dp/B00DE7WKVS?tag=eloabder-20&linkCode=osi&th=1&psc=1"><img src="https://m.media-amazon.com/images/I/514-XqvXJJL._SL500_.jpg" alt="Product Image"></a><p>Purina ONE True Instinct With A Blend Of Real Turkey and Venison Dry Dog Food - 15 lb. Bag</p><p> -9% 0FF </p><p>$32.28 ($2.15 / Pound)</p><a href="https://www.amazon.com/dp/B00DE7WKVS?tag=eloabder-20&linkCode=osi&th=1&psc=1">View Product</a></div>
<div class="product"><a href="https://www.amazon.com/dp/B007JXVR76?tag=eloabder-20&linkCode=osi&th=1&psc=1"><img src="https://m.media-amazon.com/images/I/41XRcLETtGL._SL500_.jpg" alt="Product Image"></a><p>Meow Mix Original Choice Dry Cat Food, 6.3 Pound Bag</p><p> -6% 0FF </p><p>$9.29 ($1.47 / lb)</p><a href="https://www.amazon.com/dp/B007JXVR76?tag=eloabder-20&linkCode=osi&th=1&psc=1">View Product</a></div><div class="product"><a href="https://www.amazon.com/dp/B0D9MW74TG?tag=eloabder-20&linkCode=osi&th=1&psc=1"><img src="https://m.media-amazon.com/images/I/51CSHkalU1L._SL500_.jpg" alt="Product Image"></a><p>Meow Mix Gravy Bursts Dry Cat Food, Chicken, 3 LB Bag</p><p> -16% 0FF </p><p>$5.72 ($1.91 / lb)</p><a href="https://www.amazon.com/dp/B0D9MW74TG?tag=eloabder-20&linkCode=osi&th=1&psc=1">View Product</a></div><div class="product"><a href="https://www.amazon.com/dp/B01H3OA7KI?tag=eloabder-20&linkCode=osi&th=1&psc=1"><img src="https://m.media-amazon.com/images/I/51vds1pph5L._SL500_.jpg" alt="Product Image"></a><p>Purina Cat Chow Hairball, Healthy Weight, Indoor, Natural Dry Cat Food, Naturals Indoor - 13 lb. Bag</p><p> -6% 0FF </p><p>$16.99 ($1.31 / lb)</p><a href="https://www.amazon.com/dp/B01H3OA7KI?tag=eloabder-20&linkCode=osi&th=1&psc=1">View Product</a></div><div class="product"><a href="https://www.amazon.com/dp/B01BKYFR7K?tag=eloabder-20&linkCode=osi&th=1&psc=1"><img src="https://m.media-amazon.com/images/I/41GYcHtJdcL._SL500_.jpg" alt="Product Image"></a><p>IAMS Proactive Health Indoor Weight Control & Hairball Care Adult Dry Cat Food, Chicken & Turkey Recipe, 7 lb. Bag</p><p> -11% 0FF </p><p>$16.97 ($2.42 / lb)</p><a href="https://www.amazon.com/dp/B01BKYFR7K?tag=eloabder-20&linkCode=osi&th=1&psc=1">View Product</a></div>
<div class="product"><a href="https://www.amazon.com/dp/B003PMQMK2?tag=eloabder-20&linkCode=osi&th=1&psc=1"><img src="https://m.media-amazon.com/images/I/51rKBA3bcNL._SL500_.jpg" alt="Product Image"></a><p>Milk-Bone MaroSnacks Small Dog Treats With Bone Marrow, 40 Ounce Container</p><p> -21% 0FF </p><p>$11.48 ($4.59 / lb)</p><a href="https://www.amazon.com/dp/B003PMQMK2?tag=eloabder-20&linkCode=osi&th=1&psc=1">View Product</a></div><div class="product"><a href="https://www.amazon.com/dp/B07BVL8TQF?tag=eloabder-20&linkCode=osi&th=1&psc=1"><img src="https://m.media-amazon.com/images/I/41V12A43ClL._SL500_.jpg" alt="Product Image"></a><p>Good ‘n’ Fun Triple Flavor Kabobs Chews for All Dogs, 24 Ounces, Treat Your Dog to Chews Made from Beef Hide, Real Chicken, Pork Hide, Duck and Chicken Liver</p><p> -27% 0FF </p><p>$15.98 ($10.65 / lb)</p><a href="https://www.amazon.com/dp/B07BVL8TQF?tag=eloabder-20&linkCode=osi&th=1&psc=1">View Product</a></div><div class="product"><a href="https://www.amazon.com/dp/B006HKA6II?tag=eloabder-20&linkCode=osi&th=1&psc=1"><img src="https://m.media-amazon.com/images/I/41sdmNauoVL._SL500_.jpg" alt="Product Image"></a><p>Milk-Bone Soft & Chewy Dog Treats, Beef & Filet Mignon Recipe, 25 Ounce</p><p> -7% 0FF </p><p>$14.48 ($9.27 / lb)</p><a href="https://www.amazon.com/dp/B006HKA6II?tag=eloabder-20&linkCode=osi&th=1&psc=1">View Product</a></div><div class="product"><a href="https://www.amazon.com/dp/B006W6YHHI?tag=eloabder-20&linkCode=osi&th=1&psc=1"><img src="https://m.media-amazon.com/images/I/51VcU1tm-7L._SL500_.jpg" alt="Product Image"></a><p>Greenies Original Regular Dental Dog Treats, 36 oz. Pack (36 Treats)</p><p> -8% 0FF </p><p>$36.97 ($16.43 / lb)</p><a href="https://www.amazon.com/dp/B006W6YHHI?tag=eloabder-20&linkCode=osi&th=1&psc=1">View Product</a></div><div class="product"><a href="https://www.amazon.com/dp/B07D323MFZ?tag=eloabder-20&linkCode=osi&th=1&psc=1"><img src="https://m.media-amazon.com/images/I/41OTio6+siL._SL500_.jpg" alt="Product Image"></a><p>INABA Churu Cat Treats, Grain-Free, Lickable, Squeezable Creamy Purée Cat Treat/Topper with Vitamin E & Taurine, 0.5 Ounces Each Tube, 50 Tubes, Tuna & Chicken Variety</p><p> -18% 0FF </p><p>$32.96 ($1.32 / Ounce)</p><a href="https://www.amazon.com/dp/B07D323MFZ?tag=eloabder-20&linkCode=osi&th=1&psc=1">View Product</a></div><div class="product"><a href="https://www.amazon.com/dp/B09MZDFLSV?tag=eloabder-20&linkCode=osi&th=1&psc=1"><img src="https://m.media-amazon.com/images/I/51mXUxhYDiL._SL500_.jpg" alt="Product Image"></a><p>Full Moon All Natural Human Grade Dog Treats, Essential Beef Savory Sticks, 22 Ounce, 1.375 Pound (Pack of 1)</p><p> -10% 0FF </p><p>$17.94 ($13.05 / lb)</p><a href="https://www.amazon.com/dp/B09MZDFLSV?tag=eloabder-20&linkCode=osi&th=1&psc=1">View Product</a></div><div class="product"><a href="https://www.amazon.com/dp/B07BVLGZW6?tag=eloabder-20&linkCode=osi&th=1&psc=1"><img src="https://m.media-amazon.com/images/I/51g5KoU0RiL._SL500_.jpg" alt="Product Image"></a><p>Good ‘n’ Fun Triple Flavor Wings Chews for All Dogs, 12 Ounces, Treat Your Dog to Long-Lasting Chews Made with Chicken, Pork Hide and Beef Hide</p><p> -27% 0FF </p><p>$10.48 ($13.97 / lb)</p><a href="https://www.amazon.com/dp/B07BVLGZW6?tag=eloabder-20&linkCode=osi&th=1&psc=1">View Product</a></div>
<div class="product"><a href="https://www.amazon.com/dp/B01EX0H12M?tag=eloabder-20&linkCode=osi&th=1&psc=1"><img src="https://m.media-amazon.com/images/I/41tpUtk3FGL._SL500_.jpg" alt="Product Image"></a><p>Full Moon Chicken Jerky Healthy All Natural Dog Treats Human Grade Made in USA Grain Free, 1.5 Pound (Pack of 1)</p><p> -19% 0FF </p><p>$26.44 ($17.63 / lb)</p><a href="https://www.amazon.com/dp/B01EX0H12M?tag=eloabder-20&linkCode=osi&th=1&psc=1">View Product</a></div>
<div class="product"><a href="https://www.amazon.com/dp/B07BTRHM75?tag=eloabder-20&linkCode=osi&th=1&psc=1"><img src="https://m.media-amazon.com/images/I/51yN5sax9BL._SL500_.jpg" alt="Product Image"></a><p>Delectables Bisque Lickable Wet Cat Treats - Chicken, Tuna & Shrimp, 12 count</p><p> -9% 0FF </p><p>$12.94 ($0.77 / Ounce)</p><a href="https://www.amazon.com/dp/B07BTRHM75?tag=eloabder-20&linkCode=osi&th=1&psc=1">View Product</a></div><div class="product"><a href="https://www.amazon.com/dp/B00M0FK8UU?tag=eloabder-20&linkCode=osi&th=1&psc=1"><img src="https://m.media-amazon.com/images/I/517+RuVAECL._SL500_.jpg" alt="Product Image"></a><p>Temptations MixUps Surfer's Delight Flavor Crunchy and Soft Cat Treats, 16 oz. Tub</p><p> -8% 0FF </p><p>$7.80 ($0.49 / Ounce)</p><a href="https://www.amazon.com/dp/B00M0FK8UU?tag=eloabder-20&linkCode=osi&th=1&psc=1">View Product</a></div><div class="product"><a href="https://www.amazon.com/dp/B07KGXQ1WC?tag=eloabder-20&linkCode=osi&th=1&psc=1"><img src="https://m.media-amazon.com/images/I/51lx-r6UP1L._SL500_.jpg" alt="Product Image"></a><p>Temptations Classic Crunchy and Soft Cat Treats, Shrimpy Shrimp Flavor, 16 oz. Tub</p><p> -25% 0FF </p><p>$6.36 ($0.40 / Ounce)</p><a href="https://www.amazon.com/dp/B07KGXQ1WC?tag=eloabder-20&linkCode=osi&th=1&psc=1">View Product</a></div>
<div class="product"><a href="https://www.amazon.com/dp/B0BHN7K52L?tag=eloabder-20&linkCode=osi&th=1&psc=1"><img src="https://m.media-amazon.com/images/I/41VtkP72E7L._SL500_.jpg" alt="Product Image"></a><p>Dog Toys for Aggresive Chewers - Tough,Indestructible Dog Toys for Large, Medium,Small Breed to Keep Them Busy</p><p> -38% 0FF </p><p>$9.99</p><a href="https://www.amazon.com/dp/B0BHN7K52L?tag=eloabder-20&linkCode=osi&th=1&psc=1">View Product</a></div><div class="product"><a href="https://www.amazon.com/dp/B000F4AVPA?tag=eloabder-20&linkCode=osi&th=1&psc=1"><img src="https://m.media-amazon.com/images/I/31NKTw5DUeL._SL500_.jpg" alt="Product Image"></a><p>Chuckit! Ultra Ball Dog Toy - Medium Bouncy Fetch Balls For Dogs 20-60 lbs - Made from Durable Rubber - Floating Water Pet Toys - Size Medium - 2.5-inch Diameter - Pack of 2</p><p> -35% 0FF </p><p>$7.13</p><a href="https://www.amazon.com/dp/B000F4AVPA?tag=eloabder-20&linkCode=osi&th=1&psc=1">View Product</a></div><div class="product"><a href="https://www.amazon.com/dp/B0B1LVKG8D?tag=eloabder-20&linkCode=osi&th=1&psc=1"><img src="https://m.media-amazon.com/images/I/51bjl2slJTL._SL500_.jpg" alt="Product Image"></a><p>Fuufome Large Squeaky Dog Toys- Plush Dog Toys with Soft Fabric for Small, Medium, and Large Dogs Daily Companionship, Training Reward Gift</p><p> -41% 0FF </p><p>$9.49</p><a href="https://www.amazon.com/dp/B0B1LVKG8D?tag=eloabder-20&linkCode=osi&th=1&psc=1">View Product</a></div>

<div class="product"><a href="https://www.amazon.com/dp/B01AHM6P18?tag=eloabder-20&linkCode=osi&th=1&psc=1"><img src="https://m.media-amazon.com/images/I/51z5bUF-cpL._SL500_.jpg" alt="Product Image"></a><p>Fashion's Talk Cat Toys Variety Pack for Kitty 20 Pieces</p><p> -21% 0FF </p><p>$9.49</p><a href="https://www.amazon.com/dp/B01AHM6P18?tag=eloabder-20&linkCode=osi&th=1&psc=1">View Product</a></div><div class="product"><a href="https://www.amazon.com/dp/B0DG1X5KHM?tag=eloabder-20&linkCode=osi&th=1&psc=1"><img src="https://m.media-amazon.com/images/I/31YvLOoWZsL._SL500_.jpg" alt="Product Image"></a><p>Jkanti Interactive Cat Toys for Indoor Cats,The 3rd Generation Agile Moving Cat Ball with Elastic Mesh Tail,Automatic Kitten Toys for Bored Indoor Adult Cats,Motion Activated (Orange)</p><p> -10% 0FF </p><p>$17.99</p><a href="https://www.amazon.com/dp/B0DG1X5KHM?tag=eloabder-20&linkCode=osi&th=1&psc=1">View Product</a></div><div class="product"><a href="https://www.amazon.com/dp/B0D6W8B4FM?tag=eloabder-20&linkCode=osi&th=1&psc=1"><img src="https://m.media-amazon.com/images/I/31tkIoBZ3tL._SL500_.jpg" alt="Product Image"></a><p>TBTeek Cat Toys, USB Rechargeable Kitten Toy, 3 Light Modes & 5 Adjustable Patterns, Portable Interactive Pet Dog Cat Mouse Toy for Fun Chase Play Exercise</p><p> -13% 0FF </p><p>$6.97</p><a href="https://www.amazon.com/dp/B0D6W8B4FM?tag=eloabder-20&linkCode=osi&th=1&psc=1">View Product</a></div><div class="product"><a href="https://www.amazon.com/dp/B0CZ3YD1V6?tag=eloabder-20&linkCode=osi&th=1&psc=1"><img src="https://m.media-amazon.com/images/I/41nrT5-eUfL._SL500_.jpg" alt="Product Image"></a><p>Potaroma Cat Toys Chew Ropes 3Pcs with Refillable Natural Catnip, Safe Teeth Cleaning Toy for Indoor Kittens, Interactive Cat Nip Kitty Toys for All Breeds 19.5 Inches</p><p> -42% 0FF </p><p>$7.59</p><a href="https://www.amazon.com/dp/B0CZ3YD1V6?tag=eloabder-20&linkCode=osi&th=1&psc=1">View Product</a></div><div class="product"><a href="https://www.amazon.com/dp/B09WHBG4DV?tag=eloabder-20&linkCode=osi&th=1&psc=1"><img src="https://m.media-amazon.com/images/I/41eXntBWimL._SL500_.jpg" alt="Product Image"></a><p>Potaroma Cat Toys Pillows, 3 Pack, Soft and Durable Crinkle Sound with Catnip Inside, Interactive Indoor Kitten Kicker, Promotes Kitty Exercise</p><p> -38% 0FF </p><p>$9.98</p><a href="https://www.amazon.com/dp/B09WHBG4DV?tag=eloabder-20&linkCode=osi&th=1&psc=1">View Product</a></div>
<div class="product"><a href="https://www.amazon.com/dp/B08CXGYW1Q?tag=eloabder-20&linkCode=osi&th=1&psc=1"><img src="https://m.media-amazon.com/images/I/51TwJcM8A9L._SL500_.jpg" alt="Product Image"></a><p>Bedsure Calming Dog Bed Medium Size Dog - Donut Washable Medium Pet Bed, 30 inches Anti-Slip Round Fluffy Plush Faux Fur Cat Bed, Fits up to 45 lbs Pets, Camel</p><p> -7% 0FF </p><p>$39.99</p><a href="https://www.amazon.com/dp/B08CXGYW1Q?tag=eloabder-20&linkCode=osi&th=1&psc=1">View Product</a></div><div class="product"><a href="https://www.amazon.com/dp/B0DBYVR7LH?tag=eloabder-20&linkCode=osi&th=1&psc=1"><img src="https://m.media-amazon.com/images/I/51Mdi5roe1L._SL500_.jpg" alt="Product Image"></a><p>Hoewina Dog & Cat Bed for Indoor Cats, 20in Calming Donut Bed for Puppy and Kitten, Washable Round Fluffy Pet Bed for Small Medium Dogs and Cats (Light Grey)</p><p> -18% 0FF </p><p>$9.85</p><a href="https://www.amazon.com/dp/B0DBYVR7LH?tag=eloabder-20&linkCode=osi&th=1&psc=1">View Product</a></div><div class="product"><a href="https://www.amazon.com/dp/B0FBLRWFC1?tag=eloabder-20&linkCode=osi&th=1&psc=1"><img src="https://m.media-amazon.com/images/I/41qIhp9dq7L._SL500_.jpg" alt="Product Image"></a><p>Donut Dog Bed for Small Medium Dogs Cats, 18 inch Calming Washable-Round Cozy Soft Pet Bed for Puppy and Kitten with Slip-Resistant Bottom</p><p> -50% 0FF </p><p>$9.99</p><a href="https://www.amazon.com/dp/B0FBLRWFC1?tag=eloabder-20&linkCode=osi&th=1&psc=1">View Product</a></div><div class="product"><a href="https://www.amazon.com/dp/B000TZ73EW?tag=eloabder-20&linkCode=osi&th=1&psc=1"><img src="https://m.media-amazon.com/images/I/41PrtjgWzEL._SL500_.jpg" alt="Product Image"></a><p>MidWest Homes for Pets QuietTime XXS Dog Bed – Cinnamon Faux Fur Bolster, Ultra-Soft and Machine Washable, Fits 18-Inch Crates and Carriers, for Small Dogs and Cats</p><p> -13% 0FF </p><p>$11.33</p><a href="https://www.amazon.com/dp/B000TZ73EW?tag=eloabder-20&linkCode=osi&th=1&psc=1">View Product</a></div>

<div class="product"><a href="https://www.amazon.com/dp/B07MFYSKCL?tag=eloabder-20&linkCode=osi&th=1&psc=1"><img src="https://m.media-amazon.com/images/I/41WrfqDuWpL._SL500_.jpg" alt="Product Image"></a><p>Love's cabin Round Donut Cat and Dog Cushion Bed, 20in Bed for Cats or Small Dogs, Anti-Slip & Water-Resistant Bottom, Super Soft Durable Fabric Pet Beds, Washable Luxury Cat & Dog Bed Gray</p><p> -20% 0FF </p><p>$15.99</p><a href="https://www.amazon.com/dp/B07MFYSKCL?tag=eloabder-20&linkCode=osi&th=1&psc=1">View Product</a></div><div class="product"><a href="https://www.amazon.com/dp/B08CY5VR5W?tag=eloabder-20&linkCode=osi&th=1&psc=1"><img src="https://m.media-amazon.com/images/I/51Hp7ZTQiFL._SL500_.jpg" alt="Product Image"></a><p>Bedsure Cat Beds for Indoor Cats - Large Cat Cave for Pet Cat House with Fluffy Ball Hanging and Scratch Pad, Foldable Cat Hideaway, 16.5x16.5x13 inches, Grey</p><p> -20% 0FF </p><p>$23.99</p><a href="https://www.amazon.com/dp/B08CY5VR5W?tag=eloabder-20&linkCode=osi&th=1&psc=1">View Product</a></div><div class="product"><a href="https://www.amazon.com/dp/B06XF6VH2N?tag=eloabder-20&linkCode=osi&th=1&psc=1"><img src="https://m.media-amazon.com/images/I/41+7YS2mbWL._SL500_.jpg" alt="Product Image"></a><p>Furhaven ThermaNAP Self-Warming Cat Bed for Indoor Cats & Small Dogs, Washable & Reflects Body Heat - Quilted Faux Fur Reflective Bed Mat - Gray, Small</p><p> -8% 0FF </p><p>$11.99</p><a href="https://www.amazon.com/dp/B06XF6VH2N?tag=eloabder-20&linkCode=osi&th=1&psc=1">View Product</a></div><div class="product"><a href="https://www.amazon.com/dp/B0DDKRS437?tag=eloabder-20&linkCode=osi&th=1&psc=1"><img src="https://m.media-amazon.com/images/I/31eWtW2c9JL._SL500_.jpg" alt="Product Image"></a><p>BALANCE Cat Bed Kitten Bed, Washable Round Cat Beds for Indoor Cats, Super Soft Plush Faux Fur Pet Bed for Puppy and Kitten with Anti-Slip Bottom</p><p> -21% 0FF </p><p>$28.49</p><a href="https://www.amazon.com/dp/B0DDKRS437?tag=eloabder-20&linkCode=osi&th=1&psc=1">View Product</a></div>
<div class="product"><a href="https://www.amazon.com/dp/B0BFG9Z2P9?tag=eloabder-20&linkCode=osi&th=1&psc=1"><img src="https://m.media-amazon.com/images/I/418f7l64RZL._SL500_.jpg" alt="Product Image"></a><p>Tomkas Small Dog Sling Carrier - Classic Pocket & Classic Strap - for 3-10 lbs Pets(Black)</p><p> -5% 0FF </p><p>$13.29</p><a href="https://www.amazon.com/dp/B0BFG9Z2P9?tag=eloabder-20&linkCode=osi&th=1&psc=1">View Product</a></div>
<div class="product"><a href="https://www.amazon.com/dp/B0CTF8S82M?tag=eloabder-20&linkCode=osi&th=1&psc=1"><img src="https://m.media-amazon.com/images/I/31iR7d1zNSL._SL500_.jpg" alt="Product Image"></a><p>Dog Carrier Sling - Reversible Puppy Carrier Purse with Storage Pocket, Hand-Free Dog Sling Carrier for Carry Small Dogs and Cats, Travel Safety Harness, Dog and Cat Harness(Black)</p><p> -17% 0FF </p><p>$9.99</p><a href="https://www.amazon.com/dp/B0CTF8S82M?tag=eloabder-20&linkCode=osi&th=1&psc=1">View Product</a></div><div class="product"><a href="https://www.amazon.com/dp/B09MJ131L5?tag=eloabder-20&linkCode=osi&th=1&psc=1"><img src="https://m.media-amazon.com/images/I/51vCG0gYKFL._SL500_.jpg" alt="Product Image"></a><p>GAPZER Pet Carrier for Large Cats, Soft-Sided Cat Carrier for Medium Big Cats and Puppy up to 20lbs, Washable Dog Carrier Privacy Protection for Home Outdoor Travel</p><p> -25% 0FF </p><p>$29.99</p><a href="https://www.amazon.com/dp/B09MJ131L5?tag=eloabder-20&linkCode=osi&th=1&psc=1">View Product</a></div><div class="product"><a href="https://www.amazon.com/dp/B0CGB1SRGH?tag=eloabder-20&linkCode=osi&th=1&psc=1"><img src="https://m.media-amazon.com/images/I/51x07O9JhRL._SL500_.jpg" alt="Product Image"></a><p>Soft Sided Cat/Dog Carrier,Collapsible Pets Travel Carriers for Pet/Puppy with Shoulder Strap & Removable Mat,Mesh Top Load Small Dogs/Cats Carry Bag Up to 17 Lbs TSA Airline Approved（Black,M）</p><p> -15% 0FF </p><p>$17.77 ($17.77 / Count)</p><a href="https://www.amazon.com/dp/B0CGB1SRGH?tag=eloabder-20&linkCode=osi&th=1&psc=1">View Product</a></div>

<div class="product"><a href="https://www.amazon.com/dp/B0BHYZV3HY?tag=eloabder-20&linkCode=osi&th=1&psc=1"><img src="https://m.media-amazon.com/images/I/51GsL7XYrvL._SL500_.jpg" alt="Product Image"></a><p>oneisall Dog Grooming Vacuum, Pet Grooming Vacuum with Clipper Nail Grinder, 1.5L Dust Cup Dog deshedding Vacuum Brush with 7 Pet Grooming Tools for Shedding Pet Hair, Home Cleaning(Blue)</p><p> -9% 0FF </p><p>$99.99</p><a href="https://www.amazon.com/dp/B0BHYZV3HY?tag=eloabder-20&linkCode=osi&th=1&psc=1">View Product</a></div><div class="product"><a href="https://www.amazon.com/dp/B01330IKAA?tag=eloabder-20&linkCode=osi&th=1&psc=1"><img src="https://m.media-amazon.com/images/I/31tp596fu2L._SL500_.jpg" alt="Product Image"></a><p>BioSilk for Dogs Silk Therapy Detangling Plus Shine Mist for Dogs | Best Detangling Spray for All Dogs & Puppies for Shiny Coats and Dematting | 8 Oz Bottle (Packaging May Vary)</p><p> -11% 0FF </p><p>$8.92</p><a href="https://www.amazon.com/dp/B01330IKAA?tag=eloabder-20&linkCode=osi&th=1&psc=1">View Product</a></div><div class="product"><a href="https://www.amazon.com/dp/B00VC8DQX2?tag=eloabder-20&linkCode=osi&th=1&psc=1"><img src="https://m.media-amazon.com/images/I/41o8MrUqR1L._SL500_.jpg" alt="Product Image"></a><p>SleekEZ Dog Brush for Shedding & Dog Grooming Supplies | Pet Hair Removal Tool | Great For All Fur Types | For Short, Medium, & Long Hair Pets | Reduces Shedding by 95% | Made in USA | 1 pack | 5 inch</p><p> -15% 0FF </p><p>$19.97</p><a href="https://www.amazon.com/dp/B00VC8DQX2?tag=eloabder-20&linkCode=osi&th=1&psc=1">View Product</a></div><div class="product"><a href="https://www.amazon.com/dp/B0002H3RBU?tag=eloabder-20&linkCode=osi&th=1&psc=1"><img src="https://m.media-amazon.com/images/I/41G42uu7qBL._SL500_.jpg" alt="Product Image"></a><p>Miracle Care Kwik Stop Styptic Powder For Dogs, Cats and Birds, 0.5 Ounce, Fast Acting Blood Stop Powder with Pain Relieving Benzocaine</p><p> -5% 0FF </p><p>$9.99</p><a href="https://www.amazon.com/dp/B0002H3RBU?tag=eloabder-20&linkCode=osi&th=1&psc=1">View Product</a></div><div class="product"><a href="https://www.amazon.com/dp/B0CNZB3L28?tag=eloabder-20&linkCode=osi&th=1&psc=1"><img src="https://m.media-amazon.com/images/I/41XWOVhEWmL._SL500_.jpg" alt="Product Image"></a><p>MEDUWEDU Ear Cleaner Finger Wipes 60 Counts, Dog Ear Cleaner, Grooming Kit Care for Dogs and Cats, Soft & Easy Otic Cleaning Pads, Remove Wax, Dirt & Stop Smelly, Itchy, Non-Irritating, Coconut Scent</p><p> -13% 0FF </p><p>$6.97</p><a href="https://www.amazon.com/dp/B0CNZB3L28?tag=eloabder-20&linkCode=osi&th=1&psc=1">View Product</a></div><div class="product"><a href="https://www.amazon.com/dp/B01HRSZRXM?tag=eloabder-20&linkCode=osi&th=1&psc=1"><img src="https://m.media-amazon.com/images/I/51jzCKDndHL._SL500_.jpg" alt="Product Image"></a><p>oneisall Dog Clipper Low Noise, Dog Grooming Kit with Rechargeable, Pet Shaver Cordless Electric Quiet Hair Clipper Set for Dogs Cats Pets（Gold）</p><p> -25% 0FF </p><p>$29.99</p><a href="https://www.amazon.com/dp/B01HRSZRXM?tag=eloabder-20&linkCode=osi&th=1&psc=1">View Product</a></div>
<div class="product"><a href="https://www.amazon.com/dp/B07CXQQ4Q5?tag=eloabder-20&linkCode=osi&th=1&psc=1"><img src="https://m.media-amazon.com/images/I/41fZKGIVQRL._SL500_.jpg" alt="Product Image"></a><p>PetArmor 7 Way De-Wormer for Dogs, Oral Treatment for Tapeworm, Roundworm & Hookworm in Large Dogs & Puppies (Over 25 lbs), Worm Remover (Praziquantel & Pyrantel Pamoate), 2 Flavored Chewables</p><p> -10% 0FF </p><p>$18.00 ($9.00 / Count)</p><a href="https://www.amazon.com/dp/B07CXQQ4Q5?tag=eloabder-20&linkCode=osi&th=1&psc=1">View Product</a></div><div class="product"><a href="https://www.amazon.com/dp/B000O5DHT2?tag=eloabder-20&linkCode=osi&th=1&psc=1"><img src="https://m.media-amazon.com/images/I/41Am2odDJjL._SL500_.jpg" alt="Product Image"></a><p>Merial Zimecterin Gold Dewormer Paste for Horses, 7.35gm (Packaging May Vary)</p><p> -20% 0FF </p><p>$16.69</p><a href="https://www.amazon.com/dp/B000O5DHT2?tag=eloabder-20&linkCode=osi&th=1&psc=1">View Product</a></div><div class="product"><a href="https://www.amazon.com/dp/B078YCWFKK?tag=eloabder-20&linkCode=osi&th=1&psc=1"><img src="https://m.media-amazon.com/images/I/41+lFxJHMCL._SL500_.jpg" alt="Product Image"></a><p>Durvet 2251171 Wormer-Double Strength Liquid Dog</p><p> -8% 0FF </p><p>$27.78</p><a href="https://www.amazon.com/dp/B078YCWFKK?tag=eloabder-20&linkCode=osi&th=1&psc=1">View Product</a></div>
<div class="product"><a href="https://www.amazon.com/dp/B0BR5VST5N?tag=eloabder-20&linkCode=osi&th=1&psc=1"><img src="https://m.media-amazon.com/images/I/31smh+Fyk0L._SL500_.jpg" alt="Product Image"></a><p>IMIPAW Automatic Cat Feeders, 3L Timed Cat Dry Food Dispenser, Dual Power Supply, Programmable Portion Size, Auto Pet Feeder for Cats and Small Dogs</p><p> -28% 0FF </p><p>$25.99</p><a href="https://www.amazon.com/dp/B0BR5VST5N?tag=eloabder-20&linkCode=osi&th=1&psc=1">View Product</a></div><div class="product"><a href="https://www.amazon.com/dp/B0DF7H6SGZ?tag=eloabder-20&linkCode=osi&th=1&psc=1"><img src="https://m.media-amazon.com/images/I/41kiwgcXNWL._SL500_.jpg" alt="Product Image"></a><p>Automatic Cat Feeder, 4L Cat Food Dispenser with 10s Voice Recorder, Pet Feeder up to 8 Meals per Day, Timed Dog Feeder with Dry Food Sealed Ring (White, 4L-Basic)</p><p> -18% 0FF </p><p>$22.09</p><a href="https://www.amazon.com/dp/B0DF7H6SGZ?tag=eloabder-20&linkCode=osi&th=1&psc=1">View Product</a></div><div class="product"><a href="https://www.amazon.com/dp/B0DQLJJ5XT?tag=eloabder-20&linkCode=osi&th=1&psc=1"><img src="https://m.media-amazon.com/images/I/31AWcXWoThL._SL500_.jpg" alt="Product Image"></a><p>Dual Automatic Cat Feeder 2 Cats,6 Meals/Day,12 Portions/Meal,4.2L Dual Power Double Bowls Feeder,Dry Food Auto Pet Dispenser,10S Voice Record,Flexible Schedule Timer (Black,Stainless Dual Bowls)</p><p> -39% 0FF </p><p>$29.99</p><a href="https://www.amazon.com/dp/B0DQLJJ5XT?tag=eloabder-20&linkCode=osi&th=1&psc=1">View Product</a></div><div class="product"><a href="https://www.amazon.com/dp/B0DMFGFQ39?tag=eloabder-20&linkCode=osi&th=1&psc=1"><img src="https://m.media-amazon.com/images/I/31uwj+gO+sL._SL500_.jpg" alt="Product Image"></a><p>ZOMISIA Gravity Cat Feeder and Water Dispenser, 2 in 1 Cat Self Feeder with 180 Degree Rotatable, 2 Pack Automatic Feeding Large Capacity for Small Medium Dog Puppy Kitten, Black, 0.8 Gallon x 2</p><p> -21% 0FF </p><p>$28.49</p><a href="https://www.amazon.com/dp/B0DMFGFQ39?tag=eloabder-20&linkCode=osi&th=1&psc=1">View Product</a></div><div class="product"><a href="https://www.amazon.com/dp/B09S8WMJY9?tag=eloabder-20&linkCode=osi&th=1&psc=1"><img src="https://m.media-amazon.com/images/I/41BhIBNEoGL._SL500_.jpg" alt="Product Image"></a><p>PETLIBRO Automatic Cat Feeder, 5G WiFi Automatic Dog Food Dispenser with Freshness Preservation, 5L Timed Pet Feeder with Low Food Sensor, Up to 10 Meals Per Day, Granary Black</p><p> -30% 0FF </p><p>$69.99</p><a href="https://www.amazon.com/dp/B09S8WMJY9?tag=eloabder-20&linkCode=osi&th=1&psc=1">View Product</a></div><div class="product"><a href="https://www.amazon.com/dp/B0F1MQQ2S3?tag=eloabder-20&linkCode=osi&th=1&psc=1"><img src="https://m.media-amazon.com/images/I/41jCkjw2PhL._SL500_.jpg" alt="Product Image"></a><p>HoneyGuaridan Automatic Cat Feeder for Two Cats, Food Dispenser with Stainless Steel Bowl,Timed Cat Feeder Programmable 1-6 Meals Control, Dual Power Supply,10s Meal Call Black</p><p> -15% 0FF </p><p>$46.99</p><a href="https://www.amazon.com/dp/B0F1MQQ2S3?tag=eloabder-20&linkCode=osi&th=1&psc=1">View Product</a></div>
<div class="product"><a href="https://www.amazon.com/dp/B0C4TF7Z92?tag=eloabder-20&linkCode=osi&th=1&psc=1"><img src="https://m.media-amazon.com/images/I/51I2UG6QOyL._SL500_.jpg" alt="Product Image"></a><p>NEEZUKAR Dog Car Seat for Small Medium Dogs,Detachable Washable Dog Booster Seat Under 30lbs, Pet Car Seat Travel Bed with Storage Pockets and Dog Safety Belt (Black)</p><p> -10% 0FF </p><p>$44.99 ($44.99 / Count)</p><a href="https://www.amazon.com/dp/B0C4TF7Z92?tag=eloabder-20&linkCode=osi&th=1&psc=1">View Product</a></div><div class="product"><a href="https://www.amazon.com/dp/B0CB2S7PVV?tag=eloabder-20&linkCode=osi&th=1&psc=1"><img src="https://m.media-amazon.com/images/I/51+FMM25wiL._SL500_.jpg" alt="Product Image"></a><p>Dog Car Seat - Memory Foam Dog Booster Seat for Small Dogs Up to 25lbs-Elevated Pet Car Seat with Storage Pockets and Dog Seat Belt-Soft Pet Travel Bed for Front & Back Seats-Removable Washable-Grey</p><p> -28% 0FF </p><p>$35.97 ($0.45 / Count)</p><a href="https://www.amazon.com/dp/B0CB2S7PVV?tag=eloabder-20&linkCode=osi&th=1&psc=1">View Product</a></div><div class="product"><a href="https://www.amazon.com/dp/B0B8VF4MW1?tag=eloabder-20&linkCode=osi&th=1&psc=1"><img src="https://m.media-amazon.com/images/I/51sbdmnFJwL._SL500_.jpg" alt="Product Image"></a><p>PETSFIT Dog Car Seats for Small Dogs, Patent Safe Buckles Dog Booster Car Seat, Cat Cars Seat with Safety Belt, Suitable for Small Pets Up to 25lbs (Grey)</p><p> -9% 0FF </p><p>$35.97</p><a href="https://www.amazon.com/dp/B0B8VF4MW1?tag=eloabder-20&linkCode=osi&th=1&psc=1">View Product</a></div><div class="product"><a href="https://www.amazon.com/dp/B0C811NJ98?tag=eloabder-20&linkCode=osi&th=1&psc=1"><img src="https://m.media-amazon.com/images/I/51MjeG4jB6L._SL500_.jpg" alt="Product Image"></a><p>SlowTon Console Dog Car Seat - Portable Dogs Armrest Booster Seat for Small Dog, Anti-Collapse Pet Car Seat with Soft Cushion Safety Belt, Support Pet Up to 11lbs (Black)</p><p> -5% 0FF </p><p>$37.89 ($37.89 / Count)</p><a href="https://www.amazon.com/dp/B0C811NJ98?tag=eloabder-20&linkCode=osi&th=1&psc=1">View Product</a></div><div class="product"><a href="https://www.amazon.com/dp/B0D2D2T38B?tag=eloabder-20&linkCode=osi&th=1&psc=1"><img src="https://m.media-amazon.com/images/I/41rFustc3hL._SL500_.jpg" alt="Product Image"></a><p>HEGGCOOE Small Dog Car Seat, Memory Foam Dog Booster Car Seats with Thick Cushion for Medium Dogs Under 35lbs, Detachable Washable Dog Bed for Car, Pet Carseat with Storage Pockets,2 Safety Belts</p><p> -15% 0FF </p><p>$58.63</p><a href="https://www.amazon.com/dp/B0D2D2T38B?tag=eloabder-20&linkCode=osi&th=1&psc=1">View Product</a></div>
<div class="product"><a href="https://www.amazon.com/dp/B0D6Z4L6BW?tag=eloabder-20&linkCode=osi&th=1&psc=1"><img src="https://m.media-amazon.com/images/I/515L+bqRRKL._SL500_.jpg" alt="Product Image"></a><p>Tractive Smart Dog GPS Tracker | Live Pet Tracker with Virtual Fence | Vital Signs Monitoring of Heart & Respiratory Rate | Bark Monitoring | Dog Collar Attachment (Black)</p><p> -40% 0FF </p><p>$41.40</p><a href="https://www.amazon.com/dp/B0D6Z4L6BW?tag=eloabder-20&linkCode=osi&th=1&psc=1">View Product</a></div><div class="product"><a href="https://www.amazon.com/dp/B0C75D8QZ9?tag=eloabder-20&linkCode=osi&th=1&psc=1"><img src="https://m.media-amazon.com/images/I/51RJI30GT5L._SL500_.jpg" alt="Product Image"></a><p>Tractive Smart Cat GPS Tracker | Real-Time Location & Wellness Monitoring for Cats 6.5 lbs+ | Territory & Location History | Up to 5-Day Battery | Breakaway Collar Included (Dark Blue)</p><p> -14% 0FF </p><p>$29.40</p><a href="https://www.amazon.com/dp/B0C75D8QZ9?tag=eloabder-20&linkCode=osi&th=1&psc=1">View Product</a></div><div class="product"><a href="https://www.amazon.com/dp/B0C2C5LP16?tag=eloabder-20&linkCode=osi&th=1&psc=1"><img src="https://m.media-amazon.com/images/I/41nG8vcAwrL._SL500_.jpg" alt="Product Image"></a><p>Tractive XL Smart Dog GPS Tracker | Live Pet Tracker with Virtual Fence | Vital Signs Monitoring of Heart & Respiratory Rate | Up to 1-Month Battery Life | Dog Collar Attachment (Green)</p><p> -41% 0FF </p><p>$41.40</p><a href="https://www.amazon.com/dp/B0C2C5LP16?tag=eloabder-20&linkCode=osi&th=1&psc=1">View Product</a></div>
<div class="product"><a href="https://www.amazon.com/dp/B0BJZMBBQM?tag=eloabder-20&linkCode=osi&th=1&psc=1"><img src="https://m.media-amazon.com/images/I/41XUAqCwkyL._SL500_.jpg" alt="Product Image"></a><p>Potaroma Cat Toys Flapping Bird (No Flying), Lifelike Sandpiper Chirp Tweet, Rechargeable Touch Activated Kitten Toy Interactive Cat Exercise Toys for All Breeds Cat Kicker Catnip Toys 4.0"</p><p> -10% 0FF </p><p>$17.98</p><a href="https://www.amazon.com/dp/B0BJZMBBQM?tag=eloabder-20&linkCode=osi&th=1&psc=1">View Product</a></div><div class="product"><a href="https://www.amazon.com/dp/B0D4V9V39Y?tag=eloabder-20&linkCode=osi&th=1&psc=1"><img src="https://m.media-amazon.com/images/I/41g+ya1722L._SL500_.jpg" alt="Product Image"></a><p>BoYoYo Interactive Dog Puzzle Toys for Boredom, Dogs Enrichment Toy to Keep Them Busy, Treat Dispensing Slow Feeder</p><p> -19% 0FF </p><p>$12.99</p><a href="https://www.amazon.com/dp/B0D4V9V39Y?tag=eloabder-20&linkCode=osi&th=1&psc=1">View Product</a></div>
<div class="product"><a href="https://www.amazon.com/dp/B0CVR38NWQ?tag=eloabder-20&linkCode=osi&th=1&psc=1"><img src="https://m.media-amazon.com/images/I/41Vuz0-BN3L._SL500_.jpg" alt="Product Image"></a><p>IRIS USA Dog Food Storage Container, 10 Pound, Airtight Seal and Buckle, Easy 1 Hand Opening Hinged Lid, Versatile, Space Saving Compact Size, Pearl/Black</p><p> -25% 0FF </p><p>$14.99</p><a href="https://www.amazon.com/dp/B0CVR38NWQ?tag=eloabder-20&linkCode=osi&th=1&psc=1">View Product</a></div>
<div class="product"><a href="https://www.amazon.com/dp/B07SB22JNX?tag=eloabder-20&linkCode=osi&th=1&psc=1"><img src="https://m.media-amazon.com/images/I/41LcLbaDSXL._SL500_.jpg" alt="Product Image"></a><p>EBPP Dog Sunscreen Sun Skin Protector Spray 8 fl oz - Safe for All Breeds with No Zinc Oxide - Pet Protection and Moisturizer for Skin, Coat, Nose, Ears</p><p> -20% 0FF </p><p>$15.16 ($1.90 / Fl Oz)</p><a href="https://www.amazon.com/dp/B07SB22JNX?tag=eloabder-20&linkCode=osi&th=1&psc=1">View Product</a></div><div class="product"><a href="https://www.amazon.com/dp/B0F1Y7WTCG?tag=eloabder-20&linkCode=osi&th=1&psc=1"><img src="https://m.media-amazon.com/images/I/41QOkyjA7KL._SL500_.jpg" alt="Product Image"></a><p>Noseprint SPF 50 Sun Protection Balm For Pets 30 ML in Tin | Moisturising Sunscreen For Dogs And Cat Non-Toxic Formula Nose and Dog Paw Balm Sunblock Cream | puppy Sun Protection</p><p> -10% 0FF </p><p>$8.99 ($8.50 / Ounce)</p><a href="https://www.amazon.com/dp/B0F1Y7WTCG?tag=eloabder-20&linkCode=osi&th=1&psc=1">View Product</a></div><div class="product"><a href="https://www.amazon.com/dp/B0F2B31RQ4?tag=eloabder-20&linkCode=osi&th=1&psc=1"><img src="https://m.media-amazon.com/images/I/51wf3WZ0a2L._SL500_.jpg" alt="Product Image"></a><p>Handy Hound SnoutScreen Dog Paw Balm and All-Natural Dog Nose Balm for Dry, Cracked Skin, Dog Itching Skin Relief, Dog Sunscreen, Vet Recommended, Made in USA, Protects Against UVB and UVC Rays, 1 oz</p><p> -23% 0FF </p><p>$9.99</p><a href="https://www.amazon.com/dp/B0F2B31RQ4?tag=eloabder-20&linkCode=osi&th=1&psc=1">View Product</a></div><div class="product"><a href="https://www.amazon.com/dp/B0FH6TBWCZ?tag=eloabder-20&linkCode=osi&th=1&psc=1"><img src="https://m.media-amazon.com/images/I/518O0j+AFzL._SL500_.jpg" alt="Product Image"></a><p>Frozen Lemon Lab Pack of 2 Pet Sunscreen Balm SPF 50 – 30ml Each – Dog & Cat Sunblock for Nose, Ears & Skin – Safe, Non-Toxic, Zinc-Free Sun Protection for Pets – Water Resistant Sun Cream</p><p> -9% 0FF </p><p>$14.50 ($7.25 / Count)</p><a href="https://www.amazon.com/dp/B0FH6TBWCZ?tag=eloabder-20&linkCode=osi&th=1&psc=1">View Product</a></div>
<div class="product"><a href="https://www.amazon.com/dp/B08ML4GK1M?tag=eloabder-20&linkCode=osi&th=1&psc=1"><img src="https://m.media-amazon.com/images/I/513Nm4JMC-L._SL500_.jpg" alt="Product Image"></a><p>ANWA Adjustable Cat Cone Collar Soft, Cute Cat Donut Collar After Surgery, Kitten Recovery Cones to Stop Licking</p><p> -11% 0FF </p><p>$16.99 ($16.99 / Count)</p><a href="https://www.amazon.com/dp/B08ML4GK1M?tag=eloabder-20&linkCode=osi&th=1&psc=1">View Product</a></div><div class="product"><a href="https://www.amazon.com/dp/B08MC9VXZ6?tag=eloabder-20&linkCode=osi&th=1&psc=1"><img src="https://m.media-amazon.com/images/I/51oXFq7DatL._SL500_.jpg" alt="Product Image"></a><p>12 Pack Reflective-Breakaway Cat Collars with Bells,Safety Buckle Kitten Collar, with Name Tag, Adjustable,Ideal for Girl Cats Male Cats,Pet Supplies,Stuff,Accessories(12 Colors & 2 ID Tags)</p><p> -40% 0FF </p><p>$8.97</p><a href="https://www.amazon.com/dp/B08MC9VXZ6?tag=eloabder-20&linkCode=osi&th=1&psc=1">View Product</a></div><div class="product"><a href="https://www.amazon.com/dp/B0FP8M75GT?tag=eloabder-20&linkCode=osi&th=1&psc=1"><img src="https://m.media-amazon.com/images/I/51LGdqntO5L._SL500_.jpg" alt="Product Image"></a><p>3 Pack Halloween Cat Collar with Detachable Bow Tie & Bell - Breakaway Adjustable Kitten Collars with Skull Gothic Bat Spider Web Pattern for Indoor Outdoor Cats (White, Pink, Black)</p><p> -15% 0FF </p><p>$10.99</p><a href="https://www.amazon.com/dp/B0FP8M75GT?tag=eloabder-20&linkCode=osi&th=1&psc=1">View Product</a></div>
<div class="product"><a href="https://www.amazon.com/dp/B071W6CQ7S?tag=eloabder-20&linkCode=osi&th=1&psc=1"><img src="https://m.media-amazon.com/images/I/41aQu1qdnxL._SL500_.jpg" alt="Product Image"></a><p>Nature’s Miracle Stain and Odor Remover Dog, 32 Ounces, Everyday Mess Enzymatic Odor Control Formula</p><p> -17% 0FF </p><p>$10.77 ($0.34 / Fl Oz)</p><a href="https://www.amazon.com/dp/B071W6CQ7S?tag=eloabder-20&linkCode=osi&th=1&psc=1">View Product</a></div><div class="product"><a href="https://www.amazon.com/dp/B0723HRWJW?tag=eloabder-20&linkCode=osi&th=1&psc=1"><img src="https://m.media-amazon.com/images/I/41IpJB8NAiL._SL500_.jpg" alt="Product Image"></a><p>Nature’s Miracle Advanced Stain and Odor Eliminator Dog Spray, Fresh Scent, Severe Mess Enzymatic Formula For Tough Pet Messes, 32 Ounces</p><p> -15% 0FF </p><p>$13.59 ($0.42 / Fl Oz)</p><a href="https://www.amazon.com/dp/B0723HRWJW?tag=eloabder-20&linkCode=osi&th=1&psc=1">View Product</a></div><div class="product"><a href="https://www.amazon.com/dp/B07N316V8C?tag=eloabder-20&linkCode=osi&th=1&psc=1"><img src="https://m.media-amazon.com/images/I/410LzSMA7ZL._SL500_.jpg" alt="Product Image"></a><p>ANGRY ORANGE Pet Odor Eliminator for Dog and Cat Urine, Carpet Stains, and Strong Smells – Citrus Cleaner with Natural Orange Oil – 24 oz</p><p> -10% 0FF </p><p>$17.96 ($0.75 / Fl Oz)</p><a href="https://www.amazon.com/dp/B07N316V8C?tag=eloabder-20&linkCode=osi&th=1&psc=1">View Product</a></div><div class="product"><a href="https://www.amazon.com/dp/B09PF4KVHJ?tag=eloabder-20&linkCode=osi&th=1&psc=1"><img src="https://m.media-amazon.com/images/I/31iTqN0IEsL._SL500_.jpg" alt="Product Image"></a><p>POOPH® Pet Odor Eliminator – 32 fl oz Bottle – Organic, NO Fragrances, NO Harsh Chemicals – Fast, Safe and Effective, Works On-Contact! For Home, Auto, Upholstery, Furniture – Safe for Pets & People</p><p> -23% 0FF </p><p>$22.97 ($0.72 / Fl Oz)</p><a href="https://www.amazon.com/dp/B09PF4KVHJ?tag=eloabder-20&linkCode=osi&th=1&psc=1">View Product</a></div><div class="product"><a href="https://www.amazon.com/dp/B072FVZ1Z9?tag=eloabder-20&linkCode=osi&th=1&psc=1"><img src="https://m.media-amazon.com/images/I/41Mro5ptmeL._SL500_.jpg" alt="Product Image"></a><p>Nature's Miracle Stain and Odor Remover for Dogs, Odor Control Formula, Refill, 1.33 Gal</p><p> -14% 0FF </p><p>$27.99 ($0.16 / Fl Oz)</p><a href="https://www.amazon.com/dp/B072FVZ1Z9?tag=eloabder-20&linkCode=osi&th=1&psc=1">View Product</a></div>
<div class="product"><a href="https://www.amazon.com/dp/B0DMNV8MXG?tag=eloabder-20&linkCode=osi&th=1&psc=1"><img src="https://m.media-amazon.com/images/I/51kGt85v+BL._SL500_.jpg" alt="Product Image"></a><p>NICREW 2.5 Gallon Nano Nature Aquarium Kit, Ultra-Clear Rimless Desktop Fish Tank with Light, Filter, Gravel and Rock, Perfect for Small Fish, Shrimp, or Betta, Complete Version, Black</p><p> -17% 0FF </p><p>$62.99</p><a href="https://www.amazon.com/dp/B0DMNV8MXG?tag=eloabder-20&linkCode=osi&th=1&psc=1">View Product</a></div>                </div>

                <!-- Bouton flottant -->
                <button class="floating-button" onclick="window.location.href='https://www.iasmarket.us'">HOME</button>
            
                <!-- Pagination -->
                <div class="pagination">
                        </div>

            <script>
                function updateTime() {
                    const optionsDate = {
                        timeZone: 'America/Los_Angeles',
                        year: 'numeric',
                        month: 'long',
                        day: 'numeric',
                        weekday: 'long'
                    };
                    const optionsTime = {
                        timeZone: 'America/Los_Angeles',
                        hour: '2-digit',
                        minute: '2-digit',
                        second: '2-digit'
                    };
        
                    const now = new Date();
                    const formatterDate = new Intl.DateTimeFormat('en-US', optionsDate);
                    const formatterTime = new Intl.DateTimeFormat('en-US', optionsTime);
        
                    const formattedDate = formatterDate.format(now);
                    const formattedTime = formatterTime.format(now);
        
                    document.getElementById('comment').textContent = "As an AMAZON Associate, I earn from qualifying purchases.";
                    document.getElementById('date').textContent = formattedDate;
                    document.getElementById('time').textContent = formattedTime;
                }
        
                updateTime();
                setInterval(updateTime, 1000);
        
                function filterProducts() {
                    const input = document.getElementById('searchInput');
                    const filter = input.value.toLowerCase();
                    const container = document.getElementById('productContainer');
                    const products = container.getElementsByClassName('product');
        
                    for (let i = 0; i < products.length; i++) {
                        const product = products[i];
                        const text = product.textContent || product.innerText;
                        if (text.toLowerCase().indexOf(filter) > -1) {
                            product.style.display = "";
                        } else {
                            product.style.display = "none";
                        }
                    }
                }
            </script>
             </body>
        
            </html>
        